
@article{palomar_finite_2008,
	title = {A finite element model to accurately predict real deformations of the breast},
	volume = {30},
	issn = {13504533},
	url = {http://linkinghub.elsevier.com/retrieve/pii/S1350453308000210},
	doi = {10.1016/j.medengphy.2008.01.005},
	pages = {1089--1097},
	number = {9},
	journal = {Medical Engineering \& Physics},
	author = {Palomar, A. Pérez del and Calvo, B. and Herrero, J. and López, J. and Doblaré, M.},
	urldate = {2015-04-10},
	year = {2008},
	langid = {english},
	file = {palomar2008-A finite model to accurately predict real deformation of the breast.pdf:C\:\\Users\\212416541\\Documents\\biblio 09-06-2016\\files\\storage\\R5XR74TQ\\palomar2008-A finite model to accurately predict real deformation of the breast.pdf:application/pdf}
}

@article{nordez_muscle_2010,
  title={Muscle shear elastic modulus measured using supersonic shear imaging is highly related to muscle activity level},
  author={Nordez, Antoine and Hug, Fran{\c{c}}ois},
  journal={Journal of applied physiology},
  volume={108},
  number={5},
  pages={1389--1394},
  year={2010},
  publisher={Am Physiological Soc}
}

@article{bucki_fast_2010,
  title={A fast and robust patient specific finite element mesh registration technique: application to 60 clinical cases},
  author={Bucki, Marek and Lobos, Claudio and Payan, Yohan},
  journal={Medical image analysis},
  volume={14},
  number={3},
  pages={303--317},
  year={2010},
  publisher={Elsevier}
}

@proceedings{kita_correspondence_1998,
	title = {Correspondence between different view breast X-rays using a simulation of breast deformation},
	url = {http://ieeexplore.ieee.org/xpls/abs_all.jsp?arnumber=698680},
	pages = {700--707},
	booktitle = {Computer Vision and Pattern Recognition, 1998. Proceedings. 1998 {IEEE} Computer Society Conference on},
	publisher = {{IEEE}},
	author = {Kita, Yasuyo and Highnam, Ralph and Brady, Michael},
	urldate = {2015-04-30},
	year = {1998},
	file = {kita1998-cirrespondance between different view breast x-ray using simulation of breast deformation.pdf:C\:\\Users\\212416541\\Documents\\biblio 09-06-2016\\files\\storage\\NC2R2LYB\\kita1998-cirrespondance between different view breast x-ray using simulation of breast deformation.pdf:application/pdf}
}

@article{zyganitidis_novel_2007,
	title = {A novel simulation algorithm for soft tissue compression},
	volume = {45},
	issn = {0140-0118, 1741-0444},
	url = {http://link.springer.com/10.1007/s11517-007-0205-y},
	doi = {10.1007/s11517-007-0205-y},
	pages = {661--669},
	number = {7},
	journal = {Medical and Biological Engineering \& Computing},
	author = {Zyganitidis, Christos and Bliznakova, Kristina and Pallikarakis, Nicolas},
	urldate = {2015-04-30},
	year = {2007},
	langid = {english},
	file = {zyganitidis2007 A novel simulation algorithm for soft tissue compression.pdf:C\:\\Users\\212416541\\Documents\\biblio 09-06-2016\\files\\storage\\8R6CSL3Z\\zyganitidis2007 A novel simulation algorithm for soft tissue compression.pdf:application/pdf}
}

@article{kellner_simulation_2007,
	title = {Simulation of Mechanical Compression of Breast Tissue},
	volume = {54},
	issn = {0018-9294},
	url = {http://ieeexplore.ieee.org/lpdocs/epic03/wrapper.htm?arnumber=4303266},
	doi = {10.1109/TBME.2007.893493},
	pages = {1885--1891},
	number = {10},
	journal = {{IEEE} Transactions on Biomedical Engineering},
	author = {Kellner, Albert L. and Nelson, Thomas R. and Cervino, Laura I. and Boone, John M.},
	urldate = {2015-04-15},
	year = {2007},
	file = {kellner2007-simulation of mechanical compression of breast tissue.pdf:C\:\\Users\\212416541\\Documents\\biblio 09-06-2016\\files\\storage\\537PKMMZ\\kellner2007-simulation of mechanical compression of breast tissue.pdf:application/pdf}
}

@thesis{milioni_de_carvalho_low-dose_2014,
	title = {Low-Dose 3D quantitative Vascular X-ray Imaging},
	type = {phdthesis},
	author = {{MILIONI} {DE} {CARVALHO}, Pablo},
	year = {2014}
}

@article{branderhorst_mammographic_2015,
	title = {Mammographic compression-a need for mechanical standardization.pdf},
	volume = {84},
	pages = {596--602},
	number = {4},
	journal = {European journal of radiology},
	author = {Branderhorst, Woutjan and Groot, Jerry E. de and Highnam, Ralph and Chan, Ariane and Böhm-Vélez, Marcela and {Mireille JM Broeders} and {Gerard J. den Heeten} and {Cornelis A. Grimbergen}},
	year = {2015}
}

@article{jiang_characterization_2015,
	title = {Characterization of the nonlinear elastic properties of soft tissues using the supersonic shear imaging ({SSI}) technique: Inverse method, ex vivo and in vivo experiments},
	volume = {20},
	issn = {13618415},
	url = {http://linkinghub.elsevier.com/retrieve/pii/S136184151400156X},
	doi = {10.1016/j.media.2014.10.010},
	shorttitle = {Characterization of the nonlinear elastic properties of soft tissues using the supersonic shear imaging ({SSI}) technique},
	pages = {97--111},
	number = {1},
	journal = {Medical Image Analysis},
	author = {Jiang, Yi and Li, Guo-Yang and Qian, Lin-Xue and Hu, Xiang-Dong and Liu, Dong and Liang, Si and Cao, Yanping},
	urldate = {2015-05-05},
	year = {2015},
	langid = {english},
	file = {jiang2015-characterization of the nonlinear elastic properties of soft tissues using the supersonic shear imaging technique.pdf:C\:\\Users\\212416541\\Documents\\biblio 09-06-2016\\files\\storage\\CYR6Q24V\\jiang2015-characterization of the nonlinear elastic properties of soft tissues using the supersonic shear imaging technique.pdf:application/pdf}
}

@article{han_development_2012,
	title = {Development of patient-specific biomechanical models for predicting large breast deformation},
	volume = {57},
	issn = {0031-9155, 1361-6560},
	url = {http://stacks.iop.org/0031-9155/57/i=2/a=455?key=crossref.6e29b86ffc3b2c371cba5f9522681bbc},
	doi = {10.1088/0031-9155/57/2/455},
	pages = {455--472},
	number = {2},
	journal = {Physics in Medicine and Biology},
	author = {Han, Lianghao and year, John H and Tanner, Christine and Taylor, Zeike and Mertzanidou, Thomy and {Jorge Cardoso} and {Sebastien Ourselin} and {David J Hawkes}},
	urldate = {2015-04-21},
	year = {2012},
	file = {han2012-development of âtient specific biomecanical models for predicting large breast deformation.pdf:C\:\\Users\\212416541\\Documents\\biblio 09-06-2016\\files\\storage\\FBVPI9MC\\han2012-development of âtient specific biomecanical models for predicting large breast deformation.pdf:application/pdf}
}

@article{ruiter_model_based_2006,
	title = {Model-Based Registration of X-Ray Mammograms and {MR} Images of the Female Breast.},
	volume = {53},
	pages = {204--211},
	number = {1},
	journal = {{IEEE} Transactions on Nuclear Science},
	author = {Ruiter, Nicole V. and Stotzka, Rainer and {MULLER}, Tim-Oliver and Gemmeke, Hartmut and Reichenbach, Jurgen R. and Kaiser, Werner},
	year = {2006},
	file = {ruiter2004-M6-6 model based registration of x-ray mammogramsand mrimages of the female breast.PDF:C\:\\Users\\212416541\\Documents\\biblio 09-06-2016\\files\\storage\\VQXAMFQH\\ruiter2004-M6-6 model based registration of x-ray mammogramsand mrimages of the female breast.PDF:application/pdf}
}

@article{rajagopal_modeling_2010,
	title = {Modeling breast biomechanics for multi-modal image analysis-successes and challenges},
	volume = {2},
	issn = {19395094},
	url = {http://doi.wiley.com/10.1002/wsbm.58},
	doi = {10.1002/wsbm.58},
	pages = {293--304},
	number = {3},
	journal = {Wiley Interdisciplinary Reviews: Systems Biology and Medicine},
	author = {Rajagopal, Vijayaraghavan and Nielsen, Poul M. F. and Nash, Martyn P.},
	urldate = {2015-03-22},
	year = {2010},
	langid = {english},
}

@phdthesis{carter_biomechanical_2009,
  title={Biomechanical modelling of the breast for image-guided surgery},
  author={Carter, Timothy John},
  year={2009},
  school={University of London}
}

@article{sylvain_biomechanical_2013,
	title = {Biomechanical breast modelling to improve patient positioning during breast cancer radiotherapy},
	volume = {16},
	issn = {1025-5842, 1476-8259},
	url = {http://www.tandfonline.com/doi/abs/10.1080/10255842.2013.815862},
	doi = {10.1080/10255842.2013.815862},
	pages = {278--279},
	issue = {sup1},
	journal = {Computer Methods in Biomechanics and Biomedical Engineering},
	author = {Sylvain, Vallier and Troccaz, Jocelyne and Gabelle-Flandin, Isabelle and Payan, Yohan},
	urldate = {2015-03-22},
	year = {2013},
	langid = {english},
	file = {vallier2013-biomechanical breast modeling to improve patient positioning during breast cancer radiotherapy.pdf:C\:\\Users\\212416541\\Documents\\biblio 09-06-2016\\files\\storage\\TLJKZ5E5\\vallier2013-biomechanical breast modeling to improve patient positioning during breast cancer radiotherapy.pdf:application/pdf}
}

@article{gefen_mechanics_2007,
	title = {Mechanics of the normal woman's breast},
	volume = {15},
	pages = {259--271},
	number = {4},
	journal = {Technology and Health Care},
	author = {Gefen, Amit and Dilmoney, Benny},
	year = {2007},
	file = {2007 Gefen - Mechanics of the normal woman’s breast.PDF:C\:\\Users\\212416541\\Documents\\biblio 09-06-2016\\files\\storage\\9UUVNN59\\2007 Gefen - Mechanics of the normal woman’s breast.PDF:application/pdf}
}

@article{pathmanathan_predicting_2008,
	title = {Predicting Tumor Location by Modeling the Deformation of the Breast},
	volume = {55},
	issn = {0018-9294},
	doi = {10.1109/TBME.2008.925714},
	pages = {2471--2480},
	number = {10},
	journal = {{IEEE} Transactions on Biomedical Engineering},
	author = {Pathmanathan, Pras and Gavaghan, David J. and Whiteley, Jonathan P. and Chapman, S. Jonathan and Brady, J. Michael},
	year = {2008},
}

@article{groot_towards_2015,
	title = {Towards personalized compression in mammography: A comparison study between pressure- and force-standardization},
	volume = {84},
	issn = {0720048X},
	url = {http://linkinghub.elsevier.com/retrieve/pii/S0720048X14005725},
	doi = {10.1016/j.ejrad.2014.12.005},
	shorttitle = {Towards personalized compression in mammography},
	pages = {384--391},
	number = {3},
	journal = {European Journal of Radiology},
	author = {Groot, Jerry E. de and Branderhorst, Woutjan and Grimbergen, Cornelis A. and Heeten, Gerard J. den and Broeders, Mireille J.M.},
	urldate = {2015-03-22},
	year = {2015},
	langid = {english},
	file = {groot2015-Toward personalized compression in mammography.pdf:C\:\\Users\\212416541\\Documents\\biblio 09-06-2016\\files\\storage\\UPVXFD5S\\groot2015-Toward personalized compression in mammography.pdf:application/pdf}
}

@article{tanner_factors_2006,
	title = {Factors influencing the accuracy of biomechanical breast models},
	volume = {33},
	issn = {00942405},
	url = {http://scitation.aip.org/content/aapm/journal/medphys/33/6/10.1118/1.2198315},
	doi = {10.1118/1.2198315},
	pages = {1758},
	number = {6},
	journal = {Medical Physics},
	author = {Tanner, Christine and Schnabel, Julia A. and Hill, Derek L. G. and Hawkes, David J. and Leach, Martin O. and Hose, D. Rodney},
	urldate = {2015-04-20},
	year = {2006},
	langid = {english},
	file = {tanner2006-factors influencing the accuracy of biomechanical breast model.pdf:C\:\\Users\\212416541\\Documents\\biblio 09-06-2016\\files\\storage\\PTSWVT5L\\tanner2006-factors influencing the accuracy of biomechanical breast model.pdf:application/pdf}
}

@article{han_fast_2010,
	title = {Fast Deformation Simulation of Breast Using {GPU} Based dynamic explicit finite element method.pdf},
	journal = {Digital Mammography},
	author = {Han, Lianghao and Hipwell, John H. and Taylor, Zeike A. and Tanner, Christine and Ourselin, Sebastien and Hawkes, David J.},
	year = {2010},
	file = {han2010-fast deformation simulation of breast using gpu based dynamic explicit finite element method.pdf:C\:\\Users\\212416541\\Documents\\biblio 09-06-2016\\files\\storage\\G4Q6FJQU\\han2010-fast deformation simulation of breast using gpu based dynamic explicit finite element method.pdf:application/pdf}
}

@article{azar_methods_2002,
	title = {Methods for modeling and predicting mechanical deformations of the breast under external perturbations},
	volume = {6},
	url = {http://www.sciencedirect.com/science/article/pii/S1361841501000536},
	pages = {1--27},
	number = {1},
	journal = {Medical Image Analysis},
	author = {Azar, Fred S. and Metaxas, Dimitris N. and Schnall, Mitchell D.},
	urldate = {2015-04-15},
	year = {2002},
	file = {azar2002-methods for modeling and predicting mechanical deformation of the breast under external perturbations.pdf:C\:\\Users\\212416541\\Documents\\biblio 09-06-2016\\files\\storage\\3TTZJQ8L\\azar2002-methods for modeling and predicting mechanical deformation of the breast under external perturbations.pdf:application/pdf}
}

@article{grimbergen_pressure_2013,
	title = {Pressure and breast thickness in mammography—what about physics?},
	volume = {86},
	issn = {0007-1285, 1748-880X},
	url = {http://www.birpublications.org/doi/abs/10.1259/bjr.20130208},
	doi = {10.1259/bjr.20130208},
	pages = {20130208},
	number = {1027},
	journal = {The British Journal of Radiology},
	author = {Grimbergen, C A and Heeten, G J den},
	urldate = {2015-03-22},
	year = {2013},
	langid = {english}
}

@article{govindjee_computational_1998,
  title={Computational methods for inverse deformations in quasi-incompressible finite elasticity},
  author={Govindjee, Sanjay and Mihalic, Paul A},
  journal={International Journal for Numerical Methods in Engineering},
  volume={43},
  number={5},
  pages={821--838},
  year={1998}
}

@thesis{pathmanathan_predicting_2006,
	title = {Predicting tumour location by simulating the deformation of the breast using nonlinear elasticity and the {FEM}},
	url = {http://trid.trb.org/view.aspx?id=1150648},
	shorttitle = {Belief, attitude, intention and behavior},
	institution = {University of Oxford},
	type = {phdthesis},
	author = {Pathmanathan, Pras},
	urldate = {2015},
	year = {2006}
}

@inproceedings{rajagopal_development_2004,
  title={Development of a three-dimensional finite element model of breast mechanics},
  author={Rajagopal, V and Nielsen, PMF and Nash, MP},
  booktitle={Engineering in Medicine and Biology Society, 2004. IEMBS'04. 26th Annual International Conference of the IEEE},
  volume={2},
  pages={5080--5083},
  year={2004},
  organization={IEEE}
}

@phdthesis{rajagopal_modelling_2007,
  title={Modelling breast tissue mechanics under gravity loading},
  author={Rajagopal, Vijayaraghavan and others},
  year={2007},
  school={ResearchSpace@ Auckland}
}

@article{patete_multi_2013,
  title={A multi-tissue mass-spring model for computer assisted breast surgery},
  author={Patete, Paolo and Iacono, Maria Ida and Spadea, Maria Francesca and Trecate, Giovanna and Vergnaghi, Daniele and Mainardi, Luca Tommaso and Baroni, Guido},
  journal={Medical Engineering and Physics},
  volume={35},
  number={1},
  pages={47--53},
  year={2013},
  publisher={Elsevier}
}

@article{rajagopal_creating_2008,
	title = {Creating Individual-specific Biomechanical Models of the Breast for Medical Image Analysis},
	volume = {15},
	issn = {10766332},
	url = {http://linkinghub.elsevier.com/retrieve/pii/S1076633208004224},
	doi = {10.1016/j.acra.2008.07.017},
	pages = {1425--1436},
	number = {11},
	journal = {Academic Radiology},
	author = {Rajagopal, Vijayaraghavan and Lee, Angela and Chung, Jae-Hoon and Warren, Ruth and Highnam, Ralph P. and Nash, Martyn P. and Nielsen, Poul M.F.},
	urldate = {2015-04-20},
	year = {2008},
	langid = {english},
	file = {rajagopal2008-Creating Individual-specific Biomechanical Models of the Breast for Medical Image Analysis.pdf:C\:\\Users\\212416541\\Documents\\biblio 09-06-2016\\files\\storage\\ZBMQ752T\\rajagopal2008-Creating Individual-specific Biomechanical Models of the Breast for Medical Image Analysis.pdf:application/pdf}
}



@incollection{chung_modelling_2008,
	title = {Modelling mammographic compression of the breast},
	url = {http://link.springer.com/chapter/10.1007/978-3-540-85990-1_91},
	pages = {758--765},
	booktitle = {Medical Image Computing and Computer-Assisted Intervention–{MICCAI} 2008},
	publisher = {Springer},
	author = {Chung, Jae-Hoon and Rajagopal, Vijay and Nielsen, Poul {MF} and Nash, Martyn P.},
	urldate = {2015},
	year = {2008},
	file = {chung2008-Modelling mammographic compression of the breast.pdf:C\:\\Users\\212416541\\Documents\\biblio 09-06-2016\\files\\storage\\GR2KRVLA\\chung2008-Modelling mammographic compression of the breast.pdf:application/pdf}
}

@incollection{gamage_modelling_2012,
	title = {Modelling Prone to Supine Breast Deformation Under Gravity Loading Using Heterogeneous Finite Element Models},
	pages = {29--38},
	booktitle = {Computational Biomechanics for Medicine},
	publisher = {Springer New York},
	author = {Gamage, Thiranja P. Babarenda and Boyes, Richard and Rajagopal, Vijayaraghavan and Nielsen, Poul M. F. and Nash, Martyn P.},
	editor = {{Poul M.F. Nielsen} and {Adam Wittek} and {Karol Miller}},
	urldate = {2015-04-28},
	year = {2012}
}
	


@article{abbas_biomechanical_2001,
	title = {Biomechanical 3-D finite element modeling of the human breast using {MRI} data},
	volume = {20},
	pages = {271--279},
	number = {4},
	journal = {Medical Imaging, {IEEE} Transactions on},
	author = {Samani, Abbas and Bishop, Jonathan and Yaffe, Martin J. and Plewes, Donald B.},
	urldate = {2015-05-06},
	year = {2001}
}

@incollection{rajagopal_mapping_2010,
	location = {New York, {NY}},
	title = {Mapping Microcalcifications Between 2D Mammograms and 3D {MRI} Using a Biomechanical Model of the Breast},
	pages = {17--28},
	booktitle = {Computational Biomechanics for Medicine},
	publisher = {Springer},
	author = {Rajagopal, Vijayaraghavan and Chung, Jae-Hoon and Highnam, Ralph P. and Warren, Ruth and Nielsen, Poul M.F. and {Martyn P. Nash}},
	editor = {{Karol Miller} and {Poul M.F. Nielsen}},
	urldate = {2015-04-22},
	year = {2010},
}

@article{holzapfel_computational_2004,
	title = {Computational biomechanics of soft biological tissue},
	url = {http://onlinelibrary.wiley.com/doi/10.1002/0470091355.ecm041/full},
	journal = {Encyclopedia of computational mechanics},
	author = {Holzapfel, Gerhard A.},
	urldate = {2015-05-13},
	year = {2004},
}

@article{drobez_approche_2013,
	title = {Une approche numérique pour la simulation d{\textbackslash}' un examen de mammographie},
	url = {http://documents.irevues.inist.fr/handle/2042/52733},
	journal = {21ème Congrès Français de Mécanique, 26 au 30 août 2013, Bordeaux, France ({FR})},
	author = {{DROBEZ}, Hervé and {REYNAUD}, Hervé and {PICOT}, Laurent and {JAFFAL}, Haidar and {CORRE}, Virginie and {KLAUSZ}, Remy and {MULLER}, Serge},
	urldate = {2015-05-13},
	year = {2013},
	file = {drobez2013-Une aproche numérique pour la simulation d'un examen de mammographie.pdf:C\:\\Users\\212416541\\Documents\\biblio 09-06-2016\\files\\storage\\JNNY3T2I\\drobez2013-Une aproche numérique pour la simulation d'un examen de mammographie.pdf:application/pdf}
}

@article{holzapfel_biomechanics_2001,
	title = {Biomechanics of soft tissue},
	volume = {3},
	url = {https://dca13d00a675f255e4d75145ccca85da6f5067de.googledrive.com/host/0B3G21MbFQqR7RUxWTWs5a0JJelk/bme/6/BioMechanics/Biomechanics_of_soft_tissues.pdf},
	pages = {1049--1063},
	number = {1},
	journal = {The handbook of materials behavior models},
	author = {Holzapfel, Gerhard A.},
	urldate = {2015-05-13},
	year = {2001},
	file = {holzapfel2000-Biomechanics of Soft Tissue.pdf:C\:\\Users\\212416541\\Documents\\biblio 09-06-2016\\files\\storage\\5F85T735\\holzapfel2000-Biomechanics of Soft Tissue.pdf:application/pdf}
}

@misc{picot_support_2012,
	title = {Support to the development of a painless mammograph},
	author = {Picot, Laurent and Jaffal, Haidar and Drobez, Hervé and Reynaud, Hervé},
	year = {2012},
	file = {PV-64715-LP-GE HEALTHCARE-final.pdf:C\:\\Users\\212416541\\Documents\\biblio 09-06-2016\\files\\storage\\UPRLP77N\\PV-64715-LP-GE HEALTHCARE-final.pdf:application/pdf}
}

@article{hipwell_review_2016,
	title = {A review of biomechanically informed breast image registration},
	volume = {61},
	issn = {0031-9155, 1361-6560},
	url = {http://stacks.iop.org/0031-9155/61/i=2/a=R1?key=crossref.4b9cee8c4793b7e163614bef20ea6617},
	doi = {10.1088/0031-9155/61/2/R1},
	pages = {R1--R31},
	number = {2},
	journal = {Physics in Medicine and Biology},
	author = {Hipwell, John H and Vavourakis, Vasileios and Han, Lianghao and Mertzanidou, Thomy and Eiben, Björn and Hawkes, David J},
	urldate = {2016},
	year = {2016},
	file = {pdf.pdf:C\:\\Users\\212416541\\Documents\\biblio 09-06-2016\\files\\storage\\SWYI4VJR\\pdf.pdf:}
}

@article{eder_comparison_2014,
	title = {Comparison of {Different} {Material} {Models} to {Simulate} 3-{D} {Breast} {Deformations} {Using} {Finite} {Element} {Analysis}},
	volume = {42},
	issn = {0090-6964, 1573-9686},
	url = {http://link.springer.com/10.1007/s10439-013-0962-8},
	doi = {10.1007/s10439-013-0962-8},
	language = {en},
	number = {4},
	urldate = {2016-01-12},
	journal = {Annals of Biomedical Engineering},
	author = {Eder, Maximilian and Raith, Stefan and Jalali, Jalil and Volf, Alexander and Settles, Markus and Machens, Hans-Günther and Kovacs, Laszlo},
	month = apr,
	year = {2014},
	pages = {843--857}
}


@article{eiben_breast_2014,
 	 title={Breast deformation modelling: comparison of methods to obtain a patient specific unloaded configuration},
	  author={Eiben, Bjorn and Vavourakis, Vasileios and Hipwell, John H and Kabus, Sven and Lorenz, Cristian and Buelow, Thomas and Hawkes, David J},
 	 journal={Proc. SPIE},
 	 volume={9036},
 	 pages={903615--8},
 	 year={2014}
}

@article{eiben_symmetric_2016,
	title = {Symmetric {Biomechanically} {Guided} {Prone}-to-{Supine} {Breast} {Image} {Registration}},
	volume = {44},
	issn = {0090-6964, 1573-9686},
	url = {http://link.springer.com/10.1007/s10439-015-1496-z},
	doi = {10.1007/s10439-015-1496-z},
	language = {en},
	number = {1},
	urldate = {2016-02-29},
	journal = {Annals of Biomedical Engineering},
	author = {Eiben, Björn and Vavourakis, Vasileios and Hipwell, John H. and Kabus, Sven and Buelow, Thomas and Lorenz, Cristian and Mertzanidou, Thomy and Reis, Sara and Williams, Norman R. and Keshtgar, Mohammed and Hawkes, David J.},
	month = jan,
	year = {2016},
	pages = {154--173},
	file = {2016 Symmetric Biomechanically Guided Prone-to-Supine Breast Image Registration.pdf:C\:\\Users\\212416541\\AppData\\Roaming\\Zotero\\Zotero\\Profiles\\4j956sb9.default\\zotero\\storage\\6XCPN73R\\2016 Symmetric Biomechanically Guided Prone-to-Supine Breast Image Registration.pdf:application/pdf}
}

@article{sturgeon_finite_element_2016,
	title = {Finite-element modeling of compression and gravity on a population of breast phantoms for multimodality imaging simulation},
	volume = {43},
	issn = {0094-2405},
	url = {http://scitation.aip.org/content/aapm/journal/medphys/43/5/10.1118/1.4945275},
	doi = {10.1118/1.4945275},
	pages = {2207--2217},
	number = {5},
	journal = {Medical Physics},
	author = {Sturgeon, Gregory M. and Kiarashi, Nooshin and Lo, Joseph Y. and Samei, E. and Segars, W. P.},
	urldate = {2016-04-15},
	year = {2016},
	langid = {english},
	file = {2016 Finite-element modeling of compression and gravity on a population of breast phantoms for multimodality imaging simulation.pdf:C\:\\Users\\212416541\\Documents\\biblio 09-06-2016\\files\\storage\\VCALNEYM\\2016 Finite-element modeling of compression and gravity on a population of breast phantoms for multimodality imaging simulation.pdf:application/pdf}
}
@article{zajac_muscle_1989,
  title={Muscle and tendon Properties models scaling and application to biomechanics and motor},
  author={Zajac, Felix E},
  journal={Critical reviews in biomedical engineering},
  volume={17},
  number={4},
  pages={359--411},
  year={1989}
}

@article{lima_eassessment_2018,
  title={Assessment of the mechanical properties of the muscle-tendon unit by supersonic shear wave imaging elastography: a review},
  author={ Lima, E., Kelly M{\^o}nica Marinho and J{\'u}nior, Jos{\'e} Francisco Silva Costa and de Albuquerque Pereira, Wagner Coelho and de Oliveira, Liliam Fernandes},
  journal={Ultrasonography},
  volume={37},
  number={1},
  pages={3},
  year={2018},
  publisher={Korean Society of Ultrasound in Medicine}
}

@article{leong_quantitative_2013,
  title={Quantitative estimation of muscle shear elastic modulus of the upper trapezius with supersonic shear imaging during arm positioning},
  author={Leong, Hio-Teng and Ng, Gabriel Yin-fat and Leung, Vivian Yee-fong and Fu, Siu Ngor},
  journal={PloS one},
  volume={8},
  number={6},
  pages={e67199},
  year={2013},
  publisher={Public Library of Science}
}

@article{feldman_once_1986,
  title={Once more on the equilibrium-point hypothesis ($\lambda$ model) for motor control},
  author={Feldman, Anatol G},
  journal={Journal of motor behavior},
  volume={18},
  number={1},
  pages={17--54},
  year={1986},
  publisher={Taylor \& Francis}
}
@article{kuhlmann_mechanical_2013,
	title = {Mechanical model of the breast for the prediction of deformation during imaging.},
	volume = {35},
	pages = {470--478},
	number = {4},
	journal = {Medical engineering {\textbackslash}\& physics},
	author = {Kuhlmann, M. and Fear, E.C. and Ramirez-Serrano, A. and Federico, S.},
	year = {2013},
	file = {10.1016@j.medengphy.2012.06.012.pdf:C\:\\Users\\212416541\\Documents\\biblio 09-06-2016\\files\\storage\\FY2JQP7G\\10.1016@j.medengphy.2012.06.012.pdf:application/pdf}
}

@inproceedings{georgii_simulation_2016,
 	 title={Simulation and Visualization to Support Breast Surgery Planning},
 	 author={Georgii, Joachim and Paetz, Torben and Harz, Markus and Stoecker, Christina and Rothgang, Michael and Colletta, Joseph and Schilling, Kathy and Schlooz-Vries, Margrethe and Mann, Ritse M and Hahn, Horst K},
 	 booktitle={International Workshop on Digital Mammography},
 	 pages={257--264},
 	 year={2016},
 	 publisher ={Springer}
}

@article{carter_application_2012,
 	 title={Application of Biomechanical Modelling to Image-Guided Breast Surgery},
 	 author={Carter, Tim and Han, Lianghao and Taylor, Zeike and Tanner, Christine and Beechy-Newman, Nick and Ourselin, S{\'e}bastien and Hawkes, David},
	 journal={Soft Tissue Biomechanical Modeling for Computer Assisted Surgery},
 	 pages={71--94},
 	 year={2012},
 	 publisher={Springer}
}

@article{han_nonlinear_2014,
  	title={A nonlinear biomechanical model based registration method for aligning prone and supine MR breast images},
 	 author={Han, Lianghao and Hipwell, John H and Eiben, Bjorn and Barratt, Dean and Modat, Marc and Ourselin, Sebastien and Hawkes, David J},
  	journal={IEEE transactions on medical imaging},
  	volume={33},
  	number={3},
 	 pages={682--694},
 	 year={2014},
 	 publisher={IEEE}
}

@article{raith_finite_2012,
 	 title={Finite element simulation of the deformation of the female breast based on MRI data and 3-D surface scanning: an in vivo method to assess biomechanical material parameter sets},
 	 author={Raith, Stefan and Eder, Maximilian and von Waldenfels, Fee and Jalali, Jalil and Volf, Alexander and Kovacs, Laszlo},
 	 journal={Proceedings of the 3rd International Conference and Exhibition on 3D Body Scanning Technologies, edited by N. D’Apuzo. Lugano: Hometrica Consulting},
	  pages={196--203},
 	 year={2012}
}

@inproceedings{eiben_breast_2016,
 	 title={Breast Conserving Surgery Outcome Prediction: A Patient-Specific, Integrated Multi-modal Imaging and Mechano-Biological Modelling Framework},
 	 author={Eiben, Bjorn and Lacher, Rene and Vavourakis, Vasileios and Hipwell, John H and Stoyanov, Danail and Williams, Norman R and Sabczynski, J{\"o}rg and B{\"u}low, Thomas and Kutra, Dominik and Meetz, Kirsten and others},
 	 booktitle={International Workshop on Digital Mammography},
 	 pages={274--281},
 	 year={2016},
 	 publisher ={Springer}
}

@inproceedings{patz_sliding_2015,
  title={Sliding motion in breast deformation modeling},
  author={P{\"a}tz, Torben and Harz, Markus and Wang, Lei and St{\"o}cker, Christina and Schilling, Kathy and Colletta, Joseph and Schlooz-Vries, Margrethe and Hahn, H and Georgii, Joachim},
  booktitle={3rd MICCAI Workshop on Breast Image Analysis},
  year={2015}
}

@article{martinez_finite_2017,
  	title={A finite element-based machine learning approach for modeling the mechanical behavior of the breast tissues under compression in real-time},
  	author={Mart{\'\i}nez-Mart{\'\i}nez, F and Rup{\'e}rez-Moreno, MJ and Mart{\'\i}nez-Sober, M and Solves-Llorens, JA and Lorente, D and Serrano-L{\'o}pez, AJ and Mart{\'\i}nez-Sanchis, S and Monserrat, C and Mart{\'\i}n-Guerrero, JD},
  	journal={Computers in Biology and Medicine},
  	volume={90},
 	 pages={116--124},
 	 year={2017},
  	publisher={Elsevier}
}

@article{conley_image_2014,
 	 title={Image to physical space registration of supine breast mri for image guided breast surgery},
  	author={Conley, Rebekah H and Meszoely, Ingrid M and Pheiffer, Thomas S and Weis, Jared A and Yankeelov, Thomas E and Miga, Michael I},
  	journal={SPIE Medical Imaging. International Society for Optics and Photonics N},
  	volume={90362},
  	year={2014}
}

@article{conley_realization_2015,
	  title={Realization of a biomechanical model-assisted image guidance system for breast cancer surgery using supine MRI},
  	author={Conley, Rebekah H and Meszoely, Ingrid M and Weis, Jared A and Pheiffer, Thomas S and Arlinghaus, Lori R and Yankeelov, Thomas E and Miga, Michael I},
 	 journal={International journal of computer assisted radiology and surgery},
	  volume={10},
 	 number={12},
 	 pages={1985--1996},
 	 year={2015},
 	 publisher={Springer}
}

@inproceedings{garcia_mapping_2017,
 	 title={Mapping 3D breast lesions from full-field digital mammograms using subject-specific finite element models.},
	 author={Garcia, E and Oliver, A and Diaz, O and Diez, Y and Gubern-Merida, A and Marti, R and Marti, J},
 	 booktitle={SPIE Medical Imaging},
 	 pages={1013504--1013504},
 	 year={2017},
 	 publisher ={International Society for Optics and Photonics}
}

@inproceedings{eiben_surface_2016,
 	title={Surface driven biomechanical breast image registration},
 	author={Eiben, Bjorn and Vavourakis, Vasileios and Hipwell, John H and Kabus, Sven and Lorenz, Cristian and Buelow, Thomas and Williams, Norman R and Keshtgar, M and Hawkes, David J},
 	booktitle={SPIE Medical Imaging},
  	pages={97860W--97860W},
  	year={2016},
  	publisher ={International Society for Optics and Photonics}
}

@article{griesenauer_breast_2017,
  title={Breast tissue stiffness estimation for surgical guidance using gravity-induced excitation},
  author={Griesenauer, Rebekah H and Weis, Jared A and Arlinghaus, Lori R and Meszoely, Ingrid M and Miga, Michael I},
  journal={Physics in Medicine and Biology},
  volume={62},
  number={12},
  pages={4756},
  year={2017},
  publisher={IOP Publishing}
}

@article{vavourakis_inverse_2016,
  title={An inverse finite element u/p-formulation to predict the unloaded state of in vivo biological soft tissues},
  author={Vavourakis, Vasileios and Hipwell, John H and Hawkes, David J},
  journal={Annals of biomedical engineering},
  volume={44},
  number={1},
  pages={187--201},
  year={2016},
  publisher={Springer}
}