@article{skandalakis_embryology_2009,
  title={Embryology and anatomy of the breast},
  author={Skandalakis, John E},
  journal={Breast augmentation: principles and practice. Springer, Berlin},
  volume={12},
  year={2009},
  publisher={Springer}
}

@book{kopans2007breast,
  title={Breast imaging},
  author={Kopans, Daniel B},
  year={2007},
  publisher={Lippincott Williams \& Wilkins}
}

@book{andolina2011mammographic,
  title={Mammographic imaging: a practical guide},
  author={Andolina, Valerie and Lill{\'e}, Shelly},
  year={2011},
  publisher={Lippincott Williams \& Wilkins}
}

@book{mugea2014aesthetic,
  title={Aesthetic Surgery of the Breast},
  author={Mugea, Toma T and Shiffman, Melvin A},
  year={2014},
  publisher={Springer}
}

@article{catanuto2008experimental,
  title={Experimental methodology for digital breast shape analysis and objective surgical outcome evaluation},
  author={Catanuto, Giuseppe and Spano, Andrea and Pennati, Angela and Riggio, E and Farinella, Giovanni Maria and Impoco, Gaetano and Spoto, Salvatore and Gallo, Giovanni and Nava, Maurizio B},
  journal={Journal of Plastic, Reconstructive \& Aesthetic Surgery},
  volume={61},
  number={3},
  pages={314--318},
  year={2008},
  publisher={Elsevier}
}

@article{vandeput2002considerations,
  title={Considerations on anthropometric measurements of the female breast},
  author={Vandeput, JJ and Nelissen, M},
  journal={Aesthetic plastic surgery},
  volume={26},
  number={5},
  pages={348--355},
  year={2002},
  publisher={Springer}
}

@book{clemente2011anatomy,
	title = {Anatomy: a regional atlas of the human body},
	shorttitle = {Anatomy},
	language = {English},
	publisher = {Wolters Kluwer/Lippincott Williams \& Wilkins Health},
	author = {Clemente, Carmine D},
	year = {2011},
	
}

@article{huang2011characterization,
  title={The characterization of breast anatomical metrics using dedicated breast CT},
  author={Huang, Shih-Ying and Boone, John M and Yang, Kai and Packard, Nathan J and McKenney, Sarah E and Prionas, Nicolas D and Lindfors, Karen K and Yaffe, Martin J},
  journal={Medical physics},
  volume={38},
  number={4},
  pages={2180--2191},
  year={2011},
  publisher={Wiley Online Library}
}

@article{yaffe2009myth,
  title={The myth of the 50-50 breast},
  author={Yaffe, MJ and Boone, JM and Packard, N and Alonzo-Proulx, O and Huang, S-Y and Peressotti, CL and Al-Mayah, A and Brock, K},
  journal={Medical physics},
  volume={36},
  number={12},
  pages={5437--5443},
  year={2009},
  publisher={Wiley Online Library}
}

@article{ulger2003effect,
  title={Effect of age, breast size, menopausal and hormonal status on mammographic skin thickness},
  author={Ulger, Harun and Erdogan, Nuri and Kumanlioglu, Sadan and Unur, Erdogan},
  journal={Skin Research and Technology},
  volume={9},
  number={3},
  pages={284--289},
  year={2003},
  publisher={Wiley Online Library}
}

@article{kanitakis2002anatomy,
  title={Anatomy, histology and immunohistochemistry of normal human skin.},
  author={Kanitakis, Jean},
  journal={European journal of dermatology: EJD},
  volume={12},
  number={4},
  pages={390--9},
  year={2002}
}


@article{bayati_inframammary_1995,
  title={Inframammary crease ligament.},
  author={Bayati, Semira and Seckel, Brooke R},
  journal={Plastic and reconstructive surgery},
  volume={95},
  number={3},
  pages={501--508},
  year={1995},
  publisher={LWW}
}

@article{pandya_breast_2011,
  title={Breast development and anatomy},
  author={Pandya, Sonali and Moore, Richard G},
  journal={Clinical obstetrics and gynecology},
  volume={54},
  number={1},
  pages={91--95},
  year={2011},
  publisher={LWW}
}

@article{pechter_new_1998,
  title={A new method for determining bra size and predicting postaugmentation breast size.},
  author={Pechter, Edward A},
  journal={Plastic and reconstructive surgery},
  volume={102},
  number={4},
  pages={1259--1265},
  year={1998},
  publisher={LWW}
}