@article{ciocca_estrogen_1997,
  title={Estrogen receptors and cell proliferation in breast cancer},
  author={Ciocca, Daniel R and Fanelli, Mariel A},
  journal={Trends in Endocrinology \& Metabolism},
  volume={8},
  number={8},
  pages={313--321},
  year={1997},
  publisher={Elsevier}
}

@article{kuhl_mammography_2005,
  title={Mammography, breast ultrasound, and magnetic resonance imaging for surveillance of women at high familial risk for breast cancer},
  author={Kuhl, Christiane K and Schrading, Simone and Leutner, Claudia C and Morakkabati-Spitz, Nuschin and Wardelmann, Eva and Fimmers, Rolf and Kuhn, Walther and Schild, Hans H},
  journal={Journal of clinical oncology},
  volume={23},
  number={33},
  pages={8469--8476},
  year={2005},
  publisher={American Society of Clinical Oncology}
}

@article{fanelli_estrogen_1996,
  title={Estrogen receptors, progesterone receptors, and cell proliferation in human breast cancer},
  author={Fanelli, Mariel A and Vargas-Roig, Laura M and Gago, Francisco E and Tello, Olga and De Angelis, Rodolfo Lucero and Ciocca, Daniel R},
  journal={Breast cancer research and treatment},
  volume={37},
  number={3},
  pages={217--228},
  year={1996},
  publisher={Springer}
}

@article{pike_estrogens_1993,
  title={Estrogens progestogens normal breast cell proliferation and breast cancer risk.},
  author={Pike, Malcolm C and Spicer, Darcy V and Dahmoush, Laila and Press, Michael F},
  journal={Epidemiologic reviews},
  volume={15},
  number={1},
  pages={17--35},
  year={1993}
}

@BOOKLET{acs_cancer_2017,
  title = { American Cancer Society: Types of Breast Cancer },
  author ={ ACS },
  year ={2017},
  howpublished ={\url{https://www.cancer.org/cancer/breast-cancer/understanding-a-breast-cancer-diagnosis/types-of-breast-cancer.html}}
 
}

@BOOKLET{martin_webmd_2017,
  title = {What Causes Breast Cancer? },
  author ={  Martin, Laura J.},
  year ={2017},
  howpublished = {\url{https://www.webmd.com/breast-cancer/guide/what-causes-breast-cancer}}
  
}

@BOOKLET{frm_chiffres_2017,
  title = {Les chiffres du cancer du sein },
  author ={ FRM},
   year ={2017},
  howpublished = {\url{https://www.frm.org/cancer-du-sein/}}
  
}

@BOOKLET{NHSBSP_2012,
  title = {2012 review of the UK breast screening programme},
  author ={ NHSBSP},
   year ={2012},
  howpublished = {\url {http://www.cancerresearchuk.org/about-cancer/breast-cancer/screening/screening-2012-review}}
  
}

@BOOKLET{HAS_2016,
  title = {Cancer du sein : modalités spécifiques de dépistage pour les femmes à haut risque},
  author ={ FNAH},
   year ={2016},
  howpublished = {\url {https://www.has-sante.fr/portail/jcms/c_1740821/fr/cancer-du-sein-modalites-specifiques-de-depistage-pour-les-femmes-a-haut-risque}}
  
}
@article{mushlin_estimating_1998,
  title={Estimating the accuracy of screening mammography},
  author={Mushlin, Alvin I and Kouides, Ruth W and Shapiro, David E},
  journal={American journal of preventive medicine},
  volume={14},
  number={2},
  pages={143--153},
  year={1998},
  publisher={Elsevier}
}
@article{chan_image_1987,
  title={Image feature analysis and computer-aided diagnosis in digital radiography. I. Automated detection of microcalcifications in mammography},
  author={Chan, Heang-Ping and Galhotra, Simranjit and Vyborny, Carl J and MacMahon, Heber and Jokich, Peter M and others},
  journal={Medical physics},
  volume={14},
  number={4},
  pages={538--548},
  year={1987},
  publisher={Wiley Online Library}
}

@article{swayampakula_role_2008,
  title={Role of MRI in screening, diagnosis and management of breast cancer},
  author={Swayampakula, Anil Kumar and Dillis, Charlotte and Abraham, Jame},
  journal={Expert review of anticancer therapy},
  volume={8},
  number={5},
  pages={811--817},
  year={2008},
  publisher={Taylor \& Francis}
} 
@article{venkatesan_positive_2009, 
	title={Positive predictive value of specific mammographic findings according to reader and patient variables}, 
	author={Venkatesan, Aruna and Chu, Philip and Kerlikowske, Karla and Sickles, Edward A and Smith-Bindman, Rebecca}, 
	journal={Radiology}, 
	volume={250}, number={3}, 
	pages={648--657},
	year={2009},
	publisher={Radiological Society of North America} 
	}

@article{tabar_beyond_2001,
  title={Beyond randomized controlled trials},
  author={Tab{\'a}r, L{\'a}szl{\'o} and Vitak, Bedrich and Chen, Hsiu-Hsi Tony and Yen, Ming-Fang and Duffy, Stephen W and Smith, Robert A},
  journal={Cancer},
  volume={91},
  number={9},
  pages={1724--1731},
  year={2001},
  publisher={Wiley Online Library}
}

@book{neidhardt_physiology_1990,
  title={Physiology of the bacterial cell: a molecular approach},
  author={Neidhardt, Frederick Carl and Ingraham, John L and Schaechter, Moselio},
  volume={20},
  year={1990},
  publisher={Sinauer Associates Sunderland, MA}
} 

@BOOKLET{inc_chiffres_2016,
  title = {Cancer du sein },
  author ={INB, Institut national du cancer},
   year ={2016},
  howpublished = {https://www.frm.org/cancer-du-sein/}}
  
}

@BOOKLET{spf_chiffres_2017,
  title = {Sante publique France: Cancer du sein },
  author ={SPF},
  year ={2016},
  howpublished = {http://invs.santepubliquefrance.fr/Dossiers-thematiques/Maladies-chroniques-et-traumatismes/Cancers/Donnees-par-localisation/Cancer-du-sein}}
  
}

@article{peto_uk_2000,
  title={UK and USA breast cancer deaths down 25\% in year 2000 at ages 20--69 years},
  author={Peto, Richard and Boreham, Jillian and Clarke, Mike and Davies, Christina and Beral, Valerie},
  journal={The Lancet},
  volume={355},
  number={9217},
  pages={1822},
  year={2000},
  publisher={Elsevier}
}

@article{kemp_comparing_2015,
  title={Comparing sensitivity and specificity of screening mammography in the United States and Denmark},
  author={Kemp Jacobsen, Katja and O'meara, Ellen S and Key, Dustin and SM Buist, Diana and Kerlikowske, Karla and Vejborg, Ilse and Sprague, Brian L and Lynge, Elsebeth},
  journal={International journal of cancer},
  volume={137},
  number={9},
  pages={2198--2207},
  year={2015},
  publisher={Wiley Online Library}
}

@article{youk_shear_2017,
  title={Shear-wave elastography in breast ultrasonography: the state of the art},
  author={Youk, Ji Hyun and Gweon, Hye Mi and Son, Eun Ju},
  journal={Ultrasonography},
  volume={36},
  number={4},
  pages={300},
  year={2017},
  publisher={Korean Society of Ultrasound in Medicine}
}
@article{peters_meta_2008,
  title={Meta-analysis of MR imaging in the diagnosis of breast lesions},
  author={Peters, Nicky HGM and Borel Rinkes, Inne HM and Zuithoff, Nicolaas PA and Mali, Willem PTM and Moons, Karel GM and Peeters, Petra HM},
  journal={Radiology},
  volume={246},
  number={1},
  pages={116--124},
  year={2008},
  publisher={Radiological Society of North America}
}

@article{kuhl_mammography_2005,
  title={Mammography, breast ultrasound, and magnetic resonance imaging for surveillance of women at high familial risk for breast cancer},
  author={Kuhl, Christiane K and Schrading, Simone and Leutner, Claudia C and Morakkabati-Spitz, Nuschin and Wardelmann, Eva and Fimmers, Rolf and Kuhn, Walther and Schild, Hans H},
  journal={Journal of clinical oncology},
  volume={23},
  number={33},
  pages={8469--8476},
  year={2005},
  publisher={American Society of Clinical Oncology}
}

@article{olgun_use_2014,
  title={Use of shear wave elastography to differentiate benign and malignant breast lesions},
  author={Olgun, Deniz {\c{C}}ebi and Korkmazer, Bora and K{\i}l{\i}{\c{c}}, Fahrettin and Dikici, Atilla S{\"u}leyman and Velidedeo{\u{g}}lu, Mehmet and Aydo{\u{g}}an, Fatih and Kantarc{\i}, Fatih and Y{\i}lmaz, Mehmet Halit},
  journal={Diagnostic and Interventional Radiology},
  volume={20},
  number={3},
  pages={239},
  year={2014},
  publisher={Turkish Society of Radiology}
}

@article{itoh_breast_2006,
  title={Breast disease: clinical application of US elastography for diagnosis},
  author={Itoh, Ako and Ueno, Ei and Tohno, Eriko and Kamma, Hiroshi and Takahashi, Hideto and Shiina, Tsuyoshi and Yamakawa, Makoto and Matsumura, Takeshi},
  journal={Radiology},
  volume={239},
  number={2},
  pages={341--350},
  year={2006},
  publisher={Radiological Society of North America}
}

@article{hofvind_sensitivity_2012,
  title={Sensitivity and specificity of mammographic screening as practised in Vermont and Norway},
  author={Hofvind, S and Geller, BM and Skelly, J and Vacek, PM},
  journal={The British journal of radiology},
  volume={85},
  number={1020},
  pages={e1226--e1232},
  year={2012},
  publisher={The British Institute of Radiology. 131--151 Great Titchfield Street, London W1W 5BB}
}

@article{aro_psychosocial_1999,
  title={Psychosocial predictors of first attendance for organised mammography screening},
  author={Aro, Arja R and De Koning, Harry J and Absetz, Pilvikki and Schreck, Marjut},
  journal={Journal of Medical Screening},
  volume={6},
  number={2},
  pages={82--88},
  year={1999},
  publisher={SAGE Publications Sage UK: London, England}
}
@article{whelehan_effect_2013,
  title={The effect of mammography pain on repeat participation in breast cancer screening: a systematic review},
  author={Whelehan, Patsy and Evans, Andy and Wells, Mary and MacGillivray, Steve},
  journal={The Breast},
  volume={22},
  number={4},
  pages={389--394},
  year={2013},
  publisher={Elsevier}
}

@article{fleming_intermittent_2013,
  title={Intermittent attendance at breast cancer screening},
  author={Fleming, Padraic and O’Neill, Sinead and Owens, Miriam and Mooney, Therese and Fitzpatrick, Patricia},
  journal={Journal of public health research},
  volume={2},
  number={2},
  year={2013},
  publisher={PAGEPress}
}

@article{dullum_rates_2000,
  title={Rates and correlates of discomfort associated with mammography},
  author={Dullum, Joanna R and Lewis, Elizabeth C and Mayer, Joni A},
  journal={Radiology},
  volume={214},
  number={2},
  pages={547--552},
  year={2000},
  publisher={Radiological Society of North America}
}

@article{andrews_pain_2001,
  title={Pain during mammography: implications for breast screening programmes},
  author={Andrews, Fiona J},
  journal={Journal of Medical Imaging and Radiation Oncology},
  volume={45},
  number={2},
  pages={113--117},
  year={2001},
  publisher={Wiley Online Library}
}