@book{belytschko_nonlinear_2013,
  title={Nonlinear finite elements for continua and structures},
  author={Belytschko, Ted and Liu, Wing Kam and Moran, Brian and Elkhodary, Khalil},
  year={2013},
  publisher={John wiley \& sons}
}

@book{abeyaratne_continuum_2012,
  title={Continuum Mechanics: Volume II of Lecture Notes on
The Mechanics of Elastic Solids},
  author={Abeyaratne,Rohan },
  year={2012},
  publisher={Cambridge MA and Singapore}
}

@article{treloar_elasticity_1943,
  title={The elasticity of a network of long-chain moleculesâ€”II},
  author={Treloar, LRG},
  journal={Transactions of the Faraday Society},
  volume={39},
  pages={241--246},
  year={1943},
  publisher={Royal Society of Chemistry}
}

@inproceedings{ogden_large_1972,
  title={Large deformation isotropic elasticity--on the correlation of theory and experiment for incompressible rubberlike solids},
  author={Ogden, Raymond William},
  booktitle={Proc. R. Soc. Lond. A},
  volume={326},
  number={1567},
  pages={565--584},
  year={1972},
  organization={The Royal Society}
}

@article{gent_forms_1958,
  title={Forms for the stored (strain) energy function for vulcanized rubber},
  author={Gent, AN and Thomas, AG},
  journal={Journal of Polymer Science Part A: Polymer Chemistry},
  volume={28},
  number={118},
  pages={625--628},
  year={1958},
  publisher={Wiley Online Library}
}

@article{yeoh_characterization_1990,
  title={Characterization of elastic properties of carbon-black-filled rubber vulcanizates},
  author={Yeoh, OH},
  journal={Rubber chemistry and technology},
  volume={63},
  number={5},
  pages={792--805},
  year={1990}
}

@article{rivlin_large_1951,
  title={Large elastic deformations of isotropic materials VII. Experiments on the deformation of rubber},
  author={Rivlin, Ronald S and Saunders, DW},
  journal={Phil. Trans. R. Soc. Lond. A},
  volume={243},
  number={865},
  pages={251--288},
  year={1951},
  publisher={The Royal Society}
}

@manual{ansys_theory_2017,
	title ={Theory reference for the mechanical APDL and mechanical applications},
	author ={ANSYS},
	edition ={17},
	year = {2017}
}

@manual{ansys_contact_2017,
	title ={ANSYS Contact Technology Guide},
	author ={ANSYS},
	edition ={17},
	year = {2017}
}