
@article{taylor_modelling_2009,
	title = {On modelling of anisotropic viscoelasticity for soft tissue simulation: Numerical solution and {GPU} execution},
	volume = {13},
	pages = {234--244},
	number = {2},
	journal = {Medical Image Analysis},
	author = {Taylor, Zeike A . and Comas, Olivier and Cheng, Mario and Passenger, Josh and Hawkes, David J. and Atkinson, David and Ourselin, Sébastien},
	year = {2009}
}

@article{greenleaf_selected_2003,
	title = {Selected methods for imaging elastic properties of biological tissues},
	volume = {5},
	pages = {57--78},
	number = {1},
	journal = {Annual Review of Biomedical Engineering},
	author = {Greenleaf, James F. and Fatemi, Mostafa and Insana, Michael},
	year = {2003}

}

@article{samani_method_2004,
	key = {Samani et al.},
	title = {A method to measure the hyperelastic parameters of ex vivo breast tissue samples},
	volume = {49},
	pages = {4395--4405},
	number = {18},
	journal = {Physics in Medicine and Biology},
	author = {Samani, Abbas and Plewes, Donald},
	year = {2004}
}

@article{buijs_predicting_2011,
	title = {Predicting Target Displacements Using Ultrasound Elastography and Finite Element Modeling},
	volume = {58},
	pages = {3143--3155},
	number = {11},
	journal = {{IEEE} Transactions on Biomedical Engineering},
	author = {Buijs, Jorn op den and Hansen, Hendrik {HG} and Lopata, Richard {GP} and Korte, Chris L. de and Misra, Sarthak},
	year = {2011-11}
}

@article{chen_youngs_1996,
	title = {Young's modulus measurements of soft tissues with application to elasticity imaging},
	volume = {43},
	url = {http://ieeexplore.ieee.org/xpls/abs_all.jsp?arnumber=484478},
	pages = {191--194},
	number = {1},
	journal = {Ultrasonics, Ferroelectrics, and Frequency Control, {IEEE} Transactions on},
	author = {Chen, Eric J. and Novakofski, Jan and Jenkins, W. Kenneth and Jr, William D. O'Brien},
	urldate = {2015-04-15},
	year = {1996},
	file = {Chen1996-Young's modulus measurements of soft tissues with application to elasticity imaging.pdf:C\:\\Users\\212416541\\Documents\\biblio 09-06-2016\\files\\storage\\WH34GKX9\\Chen1996-Young's modulus measurements of soft tissues with application to elasticity imaging.pdf:application/pdf}
}

@article{liang_biomechanical_2010,
	title = {Biomechanical Properties of In Vivo Human Skin From Dynamic Optical Coherence Elastography},
	volume = {57},
	issn = {0018-9294},
	url = {http://ieeexplore.ieee.org/lpdocs/epic03/wrapper.htm?arnumber=5282637},
	doi = {10.1109/TBME.2009.2033464},
	pages = {953--959},
	number = {4},
	journal = {{IEEE} Transactions on Biomedical Engineering},
	author = {Liang, Xing and Boppart, Stephen A.},
	urldate = {2015-05-06},
	year = {2010-04},
	file = {Liang2010-Biomechanical properties of in vivo humas skin from dynamic optimal coherence elastrography.pdf:C\:\\Users\\212416541\\Documents\\biblio 09-06-2016\\files\\storage\\W56CDSUN\\Liang2010-Biomechanical properties of in vivo humas skin from dynamic optimal coherence elastrography.pdf:application/pdf}
}

@article{guinebretiere_normal_2005,
	title = {Normal and pathological breast, the histological basis},
	volume = {54},
	issn = {0720048X},
	url = {http://linkinghub.elsevier.com/retrieve/pii/S0720048X0500015X},
	doi = {10.1016/j.ejrad.2004.11.020},
	pages = {6--14},
	number = {1},
	journal = {European Journal of Radiology},
	author = {Guinebretière, J.M. and Menet, E. and Tardivon, A. and Cherel, P. and Vanel, D.},
	urldate = {2015-04-20},
	year = {2005-04},
	langid = {english},
	file = {guinebretiere2005-Normal ans pathological breast, the histological basis.pdf:C\:\\Users\\212416541\\Documents\\biblio 09-06-2016\\files\\storage\\UIQNSZPI\\guinebretiere2005-Normal ans pathological breast, the histological basis.pdf:application/pdf}
}

@article{ohagan_measurement_2008,
	title = {Measurement of the hyperelastic properties of tissue slices with tumour inclusion},
	volume = {53},
	issn = {0031-9155, 1361-6560},
	url = {http://stacks.iop.org/0031-9155/53/i=24/a=006?key=crossref.6f6af841081968ebbf86c609257789e0},
	doi = {10.1088/0031-9155/53/24/006},
	pages = {7087--7106},
	number = {24},
	journal = {Physics in Medicine and Biology},
	author = {O'Hagan, Joseph J and Samani, Abbas},
	urldate = {2015-04-30},
	year = {2008-12-21},
	file = {samani2008-Mesurement of the hyperelastic properties of tissue slice with tumourinclusion.pdf:C\:\\Users\\212416541\\Documents\\biblio 09-06-2016\\files\\storage\\TCQTULBX\\samani2008-Mesurement of the hyperelastic properties of tissue slice with tumourinclusion.pdf:application/pdf}
}

@article{krouskop_elastic_1998,
	title = {Elastic Moduli of Breast and Prostate Tissues under Compression},
	volume = {20},
	pages = {260--274},
	number = {4},
	journal = {Ultrasonic Imaging},
	author = {Krouskop, Thomas A. and Wheeler, Thomas M. and Kallel, Faouzi and Garra, Brian S. and Hall, Timothy},
	year = {1998},
	langid = {english}
}

@article{gennisson_ultrasound_2013,
	title = {Ultrasound elastography: Principles and techniques},
	volume = {94},
	issn = {22115684},
	url = {http://linkinghub.elsevier.com/retrieve/pii/S2211568413000302},
	doi = {10.1016/j.diii.2013.01.022},
	shorttitle = {Ultrasound elastography},
	pages = {487--495},
	number = {5},
	journal = {Diagnostic and Interventional Imaging},
	author = {Gennisson, J.-L. and Deffieux, Thomas and Fink, Mathias and Tanter, Michaël},
	urldate = {2015-05-12},
	year = {2013-05},
	langid = {english},
	file = {gennisson2013-Ultrasound elastography Principles and techniques.pdf:C\:\\Users\\212416541\\Documents\\biblio 09-06-2016\\files\\storage\\W59VTFBV\\gennisson2013-Ultrasound elastography Principles and techniques.pdf:application/pdf}
}

@article{lorenzen_menstrual-cycle_2003,
	title = {Menstrual-cycle dependence of breast parenchyma elasticity: estimation with magnetic resonance elastography of breast tissue during the menstrual cycle},
	volume = {38},
	url = {http://journals.lww.com/investigativeradiology/Abstract/2003/04000/Menstrual_Cycle_Dependence_of_Breast_Parenchyma.8.aspx},
	shorttitle = {Menstrual-cycle dependence of breast parenchyma elasticity},
	pages = {236--240},
	number = {4},
	journal = {Investigative radiology},
	author = {Lorenzen, Jörn and Sinkus, Ralph and Biesterfeldt, Maike and Adam, Gerhard},
	urldate = {2015-05-11},
	year = {2003},
	file = {Lorenzen.2003-Menstrual cycle dependence of breast parenchyma.pdf:C\:\\Users\\212416541\\Documents\\biblio 09-06-2016\\files\\storage\\ULMYGIT4\\Lorenzen.2003-Menstrual cycle dependence of breast parenchyma.pdf:application/pdf}
}

@article{houten_initial_2003,
	title = {Initial in vivo experience with steady-state subzone-based {MR} elastography of the human breast},
	volume = {17},
	issn = {1053-1807, 1522-2586},
	url = {http://doi.wiley.com/10.1002/jmri.10232},
	doi = {10.1002/jmri.10232},
	pages = {72--85},
	number = {1},
	journal = {Journal of Magnetic Resonance Imaging},
	author = {Houten, Elijah E.W. Van and Doyley, Marvin M. and Kennedy, Francis E. and Weaver, John B. and Paulsen, Keith D.},
	urldate = {2015-05-12},
	year = {2003-01},
	langid = {english},
	file = {Houten2003-Initial invivo experience with steady-state subzone based mr elastrography of the human breast.pdf:C\:\\Users\\212416541\\Documents\\biblio 09-06-2016\\files\\storage\\UNL8S563\\Houten2003-Initial invivo experience with steady-state subzone based mr elastrography of the human breast.pdf:application/pdf}
}

@article{wellman_breast_1999,
	title = {Breast tissue stiffness in compression is correlated to histological diagnosis},
	url = {https://biorobotics.harvard.edu/pubs/1999/mechprops.pdf},
	pages = {1--15},
	journal = {Harvard {BioRobotics} Laboratory Technical Report},
	author = {Wellman, Parris and Howe, Robert D. and Dalton, Edward and Kern, Kenneth A.},
	urldate = {2015-05-12},
	year = {1999},
	file = {wellman1999-Breast Tissue Stiffness in Compression.pdf:C\:\\Users\\212416541\\Documents\\biblio 09-06-2016\\files\\storage\\T9ZKL7VH\\wellman1999-Breast Tissue Stiffness in Compression.pdf:application/pdf}
}

@article{kruse_tissue_2000,
	title = {Tissue characterization using magnetic resonance elastography: preliminary results},
	volume = {45},
	url = {http://iopscience.iop.org/0031-9155/45/6/313},
	shorttitle = {Tissue characterization using magnetic resonance elastography},
	pages = {1579},
	number = {6},
	journal = {Physics in medicine and biology},
	author = {Kruse, S. A. and Smith, J. A. and Lawrence, A. J. and Dresner, M. A. and Manduca, {AJFG} and Greenleaf, J. F. and Ehman, R. L.},
	urldate = {2015-05-13},
	year = {2000}
}


@article{ramiao_biomechanical_2016,
  title={Biomechanical properties of breast tissue, a state-of-the-art review},
  author={Rami{\~a}o, Nilza G and Martins, Pedro S and Rynkevic, Rita and Fernandes, Ant{\'o}nio A and Barroso, Maria and Santos, Diana C},
  journal={Biomechanics and modeling in mechanobiology},
  volume={15},
  number={5},
  pages={1307--1323},
  year={2016},
  publisher={Springer}
}

@article{sinkus_viscoelastic_2005,
  title={Viscoelastic shear properties of in vivo breast lesions measured by MR elastography},
  author={Sinkus, Ralph and Tanter, Mickael and Xydeas, Tanja and Catheline, Stefan and Bercoff, Jeremy and Fink, Mathias},
  journal={Magnetic resonance imaging},
  volume={23},
  number={2},
  pages={159--165},
  year={2005},
  publisher={Elsevier}
}

@article{samani_elastic_2007,
  title={Elastic moduli of normal and pathological human breast tissues: an inversion-technique-based investigation of 169 samples},
  author={Samani, Abbas and Zubovits, Judit and Plewes, Donald},
  journal={Physics in medicine and biology},
  volume={52},
  number={6},
  pages={1565},
  year={2007},
  publisher={IOP Publishing}
}

@article{van_initial_2003,
  title={Initial in vivo experience with steady-state subzone-based MR elastography of the human breast},
  author={Van Houten, Elijah EW and Doyley, Marvin M and Kennedy, Francis E and Weaver, John B and Paulsen, Keith D},
  journal={Journal of magnetic resonance imaging},
  volume={17},
  number={1},
  pages={72--85},
  year={2003},
  publisher={Wiley Online Library}
}

@proceedings{carter_determining_2009,
 key = {Carter},
  title={Determining material properties of the breast for image-guided surgery},
  author={Carter, Timothy J and Tanner, Christine and Hawkes, David J},
  booktitle={SPIE Medical Imaging},
  pages={726124--726124},
  year={2009},
  publisher ={International Society for Optics and Photonics}
}

@article{sutradhar_vivo_2013,
  title={In vivo measurement of breast skin elasticity and breast skin thickness},
  author={Sutradhar, Alok and Miller, Michael J},
  journal={Skin Research and Technology},
  volume={19},
  number={1},
  year={2013},
  publisher={Wiley Online Library}
}

@article{hendriks_relative_2006,
  title={The relative contributions of different skin layers to the mechanical behavior of human skin in vivo using suction experiments},
  author={Hendriks, FM and Brokken, D and Oomens, CWJ and Bader, DL and Baaijens, FPT},
  journal={Medical engineering \& physics},
  volume={28},
  number={3},
  pages={259--266},
  year={2006},
  publisher={Elsevier}
}

@article{abu_membranous_2006,
  title={The membranous layer of superficial fascia: evidence for its widespread distribution in the body},
  author={Abu-Hijleh, MF and Roshier, AL and Al-Shboul, Q and Dharap, AS and Harris, PF},
  journal={Surgical and Radiologic Anatomy},
  volume={28},
  number={6},
  pages={606--619},
  year={2006},
  publisher={Springer}
}

@article{wenger_mechanical_2007,
  title={Mechanical properties of collagen fibrils},
  author={Wenger, Marco PE and Bozec, Laurent and Horton, Michael A and Mesquida, Patrick},
  journal={Biophysical journal},
  volume={93},
  number={4},
  pages={1255--1263},
  year={2007},
  publisher={Elsevier}
}

@article{cheung_effects_2004,
  title={Effects of plantar fascia stiffness on the biomechanical responses of the ankle--foot complex},
  author={Cheung, Jason Tak-Man and Zhang, Ming and An, Kai-Nan},
  journal={Clinical Biomechanics},
  volume={19},
  number={8},
  pages={839--846},
  year={2004},
  publisher={Elsevier}
}


@article{riggio_anatomical_2000,
  title={Anatomical study of the breast superficial fascial system: the inframammary fold unit},
  author={Riggio, E and Quattrone, P and Nava, M},
  journal={European Journal of Plastic Surgery},
  volume={23},
  number={6},
  pages={310--315},
  year={2000},
  publisher={Springer}
}

@article{kongsgaard_mechanical_2011,
  title={Mechanical properties of the human Achilles tendon, in vivo},
  author={Kongsgaard, M and Nielsen, CH and Hegnsvad, S and Aagaard, P and Magnusson, SP},
  journal={Clinical Biomechanics},
  volume={26},
  number={7},
  pages={772--777},
  year={2011},
  publisher={Elsevier}
}
