@article{rohan_finite_2014,
  title={Finite element modelling of nearly incompressible materials and volumetric locking: a case study},
  author={Rohan, P-Y and Lobos, Claudio and Nazari, M Ali and Perrier, Pascal and Payan, Yohan},
  journal={Computer methods in biomechanics and biomedical engineering},
  volume={17},
  number={sup1},
  pages={192--193},
  year={2014},
  publisher={Taylor \& Francis}
}

@book{fung_classical_2017,
  title={Classical and computational solid mechanics},
  author={Fung, Yuan-cheng and Tong, Pin and Chen, Xiaohong},
  volume={2},
  year={2017},
  publisher={World Scientific Publishing Company}
}

@inproceedings{ho_random_1995,
  title={Random decision forests},
  author={Ho, Tin Kam},
  booktitle={Document analysis and recognition, 1995., proceedings of the third international conference on},
  volume={1},
  pages={278--282},
  year={1995},
  organization={IEEE}
}

@article{calvo_polynomial_2015,
  title={A polynomial hyperelastic model for the mixture of fat and glandular tissue in female breast},
  author={Calvo-Gallego, Jose L and Mart{\'\i}nez-Reina, Javier and Dom{\'\i}nguez, Jaime},
  journal={International Journal for numerical methods in biomedical engineering},
  volume={31},
  number={9},
  year={2015},
  publisher={Wiley Online Library}
}

@article{hopp_automatic_2013,
  title={Automatic multimodal 2D/3D breast image registration using biomechanical FEM models and intensity-based optimization},
  author={Hopp, Torsten and Dietzel, Matthias and Baltzer, Pascal A and Kreisel, P and Kaiser, Werner A and Gemmeke, Hartmut and Ruiter, Nicole V},
  journal={Medical image analysis},
  volume={17},
  number={2},
  pages={209--218},
  year={2013},
  publisher={Elsevier}
}

@book{fung_biomechanics_2013,
  title={Biomechanics: mechanical properties of living tissues},
  author={Fung, Yuan-cheng},
  year={2013},
  publisher={Springer Science \& Business Media}
}

@article{huttenlocher_comparing_1993,
  title={Comparing images using the Hausdorff distance},
  author={Huttenlocher, Daniel P. and Klanderman, Gregory A. and Rucklidge, William J},
  journal={IEEE Transactions on pattern analysis and machine intelligence},
  volume={15},
  number={9},
  pages={850--863},
  year={1993},
  publisher={IEEE}
}

@inproceedings{dubuisson_modified_1994,
  title={A modified Hausdorff distance for object matching},
  author={Dubuisson, M-P and Jain, Anil K},
  booktitle={Pattern Recognition, 1994. Vol. 1-Conference A: Computer Vision \& Image Processing., Proceedings of the 12th IAPR International Conference on},
  volume={1},
  pages={566--568},
  year={1994},
  organization={IEEE}
}