
@article{grimbergen_pressure_2013,
	title = {Pressure and breast thichness in mammography-what about physics.pdf},
	journaltitle = {British Intitute of Radiology},
	author = {Grimbergen, Cornelis A. and den Heeten, Gerard J.},
	date = {2013-04-10}
}

@article{rosner_mass_2007,
	title = {Mass splittings in Σ b and Σ b*},
	volume = {75},
	url = {http://journals.aps.org/prd/abstract/10.1103/PhysRevD.75.013009},
	pages = {013009},
	number = {1},
	journaltitle = {Physical Review D},
	author = {Rosner, Jonathan L.},
	urldate = {2015-03-22},
	date = {2007}
}

@article{zeike_a_._taylor_modelling_2009,
	title = {On modelling of anisotropic viscoelasticity for soft tissue simulation: Numerical solution and {GPU} execution},
	volume = {13},
	issn = {13618415},
	url = {http://linkinghub.elsevier.com/retrieve/pii/S1361841508001035},
	doi = {10.1016/j.media.2008.10.001},
	shorttitle = {On modelling of anisotropic viscoelasticity for soft tissue simulation},
	pages = {234--244},
	number = {2},
	journaltitle = {Medical Image Analysis},
	author = {{Zeike A . Taylor} and {Olivier Comas} and {Mario Cheng} and {Josh Passenger} and {David J. Hawkes} and {David Atkinson} and {Sébastien Ourselin}},
	urldate = {2015-04-22},
	date = {2009-04},
	langid = {english},
	file = {taylor2009-On modeling of anisotropic viscoelasticity for soft tissue simulation.pdf:C\:\\Users\\212416541\\Documents\\biblio 09-06-2016\\files\\storage\\JT9SRK9V\\taylor2009-On modeling of anisotropic viscoelasticity for soft tissue simulation.pdf:application/pdf}
}

@article{palomar_finite_2008,
	title = {A finite element model to accurately predict real deformations of the breast},
	volume = {30},
	issn = {13504533},
	url = {http://linkinghub.elsevier.com/retrieve/pii/S1350453308000210},
	doi = {10.1016/j.medengphy.2008.01.005},
	pages = {1089--1097},
	number = {9},
	journaltitle = {Medical Engineering \& Physics},
	author = {Palomar, A. Pérez del and Calvo, B. and Herrero, J. and López, J. and Doblaré, M.},
	urldate = {2015-04-10},
	date = {2008-11},
	langid = {english},
	file = {palomar2008-A finite model to accurately predict real deformation of the breast.pdf:C\:\\Users\\212416541\\Documents\\biblio 09-06-2016\\files\\storage\\R5XR74TQ\\palomar2008-A finite model to accurately predict real deformation of the breast.pdf:application/pdf}
}

@book{duffy_advances_2010,
	title = {Advances in applied digital human modeling},
	url = {http://books.google.com/books?hl=en&lr=&id=qF_RBQAAQBAJ&oi=fnd&pg=PP1&dq=%22Drive,+Danvers,+MA+01923,+978-750-8400.+CCC+is+a+not-for-profit+organization+that%22+%22Pellettiere+and+T.+Knox,%22+%22only+for+identification+and+explanation+without+intent+to%22+%22licenses+and+registration+for+a+variety+of+users.+For+organizations+that+have+been+g&ots=mRCbXO7R0L&sig=jhZQdB0W6STEnVj-J0hleOsqIdk},
	publisher = {{CRC} Press},
	author = {Duffy, Vincent},
	urldate = {2015-03-22},
	date = {2010}
}

@article{williamson_pain:_2005,
	title = {Pain: a review of three commonly used pain rating scales},
	volume = {14},
	url = {http://onlinelibrary.wiley.com/doi/10.1111/j.1365-2702.2005.01121.x/full},
	shorttitle = {Pain},
	pages = {798--804},
	number = {7},
	journaltitle = {Journal of clinical nursing},
	author = {Williamson, Amelia and Hoggart, Barbara},
	urldate = {2015-04-17},
	date = {2005},
	file = {Williamson2005-pain a review of three commonly used pain rating scales.pdf:C\:\\Users\\212416541\\Documents\\biblio 09-06-2016\\files\\storage\\EAHHV4DQ\\Williamson2005-pain a review of three commonly used pain rating scales.pdf:application/pdf}
}

@inproceedings{kita_correspondence_1998,
	title = {Correspondence between different view breast X-rays using a simulation of breast deformation},
	url = {http://ieeexplore.ieee.org/xpls/abs_all.jsp?arnumber=698680},
	pages = {700--707},
	booktitle = {Computer Vision and Pattern Recognition, 1998. Proceedings. 1998 {IEEE} Computer Society Conference on},
	publisher = {{IEEE}},
	author = {Kita, Yasuyo and Highnam, Ralph and Brady, Michael},
	urldate = {2015-04-30},
	date = {1998},
	file = {kita1998-cirrespondance between different view breast x-ray using simulation of breast deformation.pdf:C\:\\Users\\212416541\\Documents\\biblio 09-06-2016\\files\\storage\\NC2R2LYB\\kita1998-cirrespondance between different view breast x-ray using simulation of breast deformation.pdf:application/pdf}
}

@article{zyganitidis_novel_2007,
	title = {A novel simulation algorithm for soft tissue compression},
	volume = {45},
	issn = {0140-0118, 1741-0444},
	url = {http://link.springer.com/10.1007/s11517-007-0205-y},
	doi = {10.1007/s11517-007-0205-y},
	pages = {661--669},
	number = {7},
	journaltitle = {Medical and Biological Engineering \& Computing},
	author = {Zyganitidis, Christos and Bliznakova, Kristina and Pallikarakis, Nicolas},
	urldate = {2015-04-30},
	date = {2007-08-09},
	langid = {english},
	file = {zyganitidis2007 A novel simulation algorithm for soft tissue compression.pdf:C\:\\Users\\212416541\\Documents\\biblio 09-06-2016\\files\\storage\\8R6CSL3Z\\zyganitidis2007 A novel simulation algorithm for soft tissue compression.pdf:application/pdf}
}

@article{kellner_simulation_2007,
	title = {Simulation of Mechanical Compression of Breast Tissue},
	volume = {54},
	issn = {0018-9294},
	url = {http://ieeexplore.ieee.org/lpdocs/epic03/wrapper.htm?arnumber=4303266},
	doi = {10.1109/TBME.2007.893493},
	pages = {1885--1891},
	number = {10},
	journaltitle = {{IEEE} Transactions on Biomedical Engineering},
	author = {Kellner, Albert L. and Nelson, Thomas R. and Cervino, Laura I. and Boone, John M.},
	urldate = {2015-04-15},
	date = {2007-10},
	file = {kellner2007-simulation of mechanical compression of breast tissue.pdf:C\:\\Users\\212416541\\Documents\\biblio 09-06-2016\\files\\storage\\537PKMMZ\\kellner2007-simulation of mechanical compression of breast tissue.pdf:application/pdf}
}

@thesis{milioni_de_carvalho_low-dose_2014,
	title = {Low-Dose 3D quantitative Vascular X-ray Imaging},
	type = {phdthesis},
	author = {{MILIONI} {DE} {CARVALHO}, Pablo},
	date = {2014}
}

@article{dullum_rates_2000,
	title = {Rates and correlates of Discomfort Associated with Mammography},
	author = {Dullum, Joanna R. and Lewis, Elizabeth C. and Mayer, Joni A.},
	date = {2000},
	file = {dullum2000-rates and correlates of disconfort associated with mammography.pdf:C\:\\Users\\212416541\\Documents\\biblio 09-06-2016\\files\\storage\\6J7BD5M3\\dullum2000-rates and correlates of disconfort associated with mammography.pdf:application/pdf;dullum2000-rates and correlates of disconfort associated with mammography.pdf:C\:\\Users\\212416541\\Documents\\biblio 09-06-2016\\files\\storage\\9HTX8DUB\\dullum2000-rates and correlates of disconfort associated with mammography.pdf:application/pdf}
}

@article{branderhorst_mammographic_2015,
	title = {Mammographic compression-a need for mechanical standardization.pdf},
	volume = {84},
	pages = {596--602},
	number = {4},
	journaltitle = {European journal of radiology},
	author = {Branderhorst, Woutjan and Groot, Jerry E. de and Highnam, Ralph and Chan, Ariane and Böhm-Vélez, Marcela and {Mireille JM Broeders} and {Gerard J. den Heeten} and {Cornelis A. Grimbergen}},
	date = {2015}
}

@book{kuperman_magnetic_2000,
	title = {Magnetic resonance imaging: physical principles and applications},
	url = {http://books.google.com/books?hl=en&lr=&id=DGnVDgTfcZwC&oi=fnd&pg=PP2&dq=%22Spatially+Selective%22+%22SNR+Field%22+%22Main+Contrast+Mechanisms+in+1H%22+%22Image+Reconstruction+from+Discrete%22+%22Artifacts+Due+to+Motion+and%22+%22Chemical+Shift%22+%22MRI+Techniques+for+Motion+Artifact%22+&ots=GX2PffidYq&sig=lMGit_KTQ_ym6ihumpmEiHlm_mY},
	shorttitle = {Magnetic resonance imaging},
	publisher = {Academic Press},
	author = {Kuperman, Vadim},
	urldate = {2015-05-05},
	date = {2000}
}

@article{jiang_characterization_2015,
	title = {Characterization of the nonlinear elastic properties of soft tissues using the supersonic shear imaging ({SSI}) technique: Inverse method, ex vivo and in vivo experiments},
	volume = {20},
	issn = {13618415},
	url = {http://linkinghub.elsevier.com/retrieve/pii/S136184151400156X},
	doi = {10.1016/j.media.2014.10.010},
	shorttitle = {Characterization of the nonlinear elastic properties of soft tissues using the supersonic shear imaging ({SSI}) technique},
	pages = {97--111},
	number = {1},
	journaltitle = {Medical Image Analysis},
	author = {Jiang, Yi and Li, Guo-Yang and Qian, Lin-Xue and Hu, Xiang-Dong and Liu, Dong and Liang, Si and Cao, Yanping},
	urldate = {2015-05-05},
	date = {2015-02},
	langid = {english},
	file = {jiang2015-characterization of the nonlinear elastic properties of soft tissues using the supersonic shear imaging technique.pdf:C\:\\Users\\212416541\\Documents\\biblio 09-06-2016\\files\\storage\\CYR6Q24V\\jiang2015-characterization of the nonlinear elastic properties of soft tissues using the supersonic shear imaging technique.pdf:application/pdf}
}

@article{tam_registration_2013,
	title = {Registration of 3D point clouds and meshes: a survey from rigid to nonrigid},
	volume = {19},
	url = {http://ieeexplore.ieee.org/xpls/abs_all.jsp?arnumber=6361384},
	shorttitle = {Registration of 3D point clouds and meshes},
	pages = {1199--1217},
	number = {7},
	journaltitle = {Visualization and Computer Graphics, {IEEE} Transactions on},
	author = {Tam, Gary {KL} and Cheng, Zhi-Quan and Lai, Yu-Kun and Langbein, Frank C. and Liu, Yonghuai and Marshall, David and Martin, Ralph R. and Sun, Xian-Fang and Rosin, Paul L.},
	urldate = {2015-04-15},
	date = {2013},
	file = {tam2013-Registration of 3D point clouds and meshes a survey from rigid to nonrigid.pdf:C\:\\Users\\212416541\\Documents\\biblio 09-06-2016\\files\\storage\\3YQIIT72\\tam2013-Registration of 3D point clouds and meshes a survey from rigid to nonrigid.pdf:application/pdf;tam2013-Registration of 3D point clouds and meshes a survey from rigid to nonrigid.pdf:C\:\\Users\\212416541\\Documents\\biblio 09-06-2016\\files\\storage\\I9E776VH\\tam2013-Registration of 3D point clouds and meshes a survey from rigid to nonrigid.pdf:application/pdf}
}

@article{han_development_2012,
	title = {Development of patient-specific biomechanical models for predicting large breast deformation},
	volume = {57},
	issn = {0031-9155, 1361-6560},
	url = {http://stacks.iop.org/0031-9155/57/i=2/a=455?key=crossref.6e29b86ffc3b2c371cba5f9522681bbc},
	doi = {10.1088/0031-9155/57/2/455},
	pages = {455--472},
	number = {2},
	journaltitle = {Physics in Medicine and Biology},
	author = {Han, Lianghao and Hipwell, John H and Tanner, Christine and Taylor, Zeike and Mertzanidou, Thomy and {Jorge Cardoso} and {Sebastien Ourselin} and {David J Hawkes}},
	urldate = {2015-04-21},
	date = {2012-01-21},
	file = {han2012-development of âtient specific biomecanical models for predicting large breast deformation.pdf:C\:\\Users\\212416541\\Documents\\biblio 09-06-2016\\files\\storage\\FBVPI9MC\\han2012-development of âtient specific biomecanical models for predicting large breast deformation.pdf:application/pdf}
}

@article{lobos_techniques_2010,
	title = {Techniques for the generation of 3D Finite Element Meshes of human organs},
	url = {http://books.google.com/books?hl=en&lr=&id=mk-JpyF610YC&oi=fnd&pg=PA126&dq=%22relative+axis:+r,+s.+The+strain+level+is+then+defined%22+%22not+account+properly+for+the+mechanical+behavior+of+the+tissues,+a+non-linear+law+can%22+%22the+modeling+assumptions+are,+the+PDEs+that+govern+CM+cannot+be%22+&ots=u3L-STirWh&sig=Xx1nh1e2DasYtZQxU_GNXp8XQTY},
	pages = {126--158},
	journaltitle = {Informatics in Oral Medicine: Advanced Techniques in Clinical and Diagnostic Technologies. Hershey, {PA}: Medical Information Science Reference},
	author = {Lobos, Claudio and Payan, Yohan and Hitschfeld, Nancy},
	urldate = {2015-04-10},
	date = {2010}
}

@book{_catsim_????,
	title = {{CatSim}},
	file = {CatSim_Essential_Guidelines.pdf:C\:\\Users\\212416541\\Documents\\biblio 09-06-2016\\files\\storage\\IHXI9AY8\\CatSim_Essential_Guidelines.pdf:application/pdf}
}

@article{roose_validation_2005,
	title = {Validation of different soft tissue simulation methods for breast augmentation},
	volume = {1281},
	issn = {05315131},
	url = {http://linkinghub.elsevier.com/retrieve/pii/S053151310500333X},
	doi = {10.1016/j.ics.2005.03.126},
	pages = {485--490},
	journaltitle = {International Congress Series},
	author = {Roose, Liesbet and De Maerteleire, Wim and Mollemans, Wouter and Suetens, Paul},
	urldate = {2015-04-30},
	date = {2005-05},
	langid = {english}
}

@article{ruiter_model-based_2006,
	title = {Model-Based Registration of X-Ray Mammograms and {MR} Images of the Female Breast.},
	volume = {53},
	pages = {204--211},
	number = {1},
	journaltitle = {{IEEE} Transactions on Nuclear Science},
	author = {Ruiter, Nicole V. and Stotzka, Rainer and {MULLER}, Tim-Oliver and Gemmeke, Hartmut and Reichenbach, Jurgen R. and Kaiser, Werner},
	date = {2006},
	file = {ruiter2004-M6-6 model based registration of x-ray mammogramsand mrimages of the female breast.PDF:C\:\\Users\\212416541\\Documents\\biblio 09-06-2016\\files\\storage\\VQXAMFQH\\ruiter2004-M6-6 model based registration of x-ray mammogramsand mrimages of the female breast.PDF:application/pdf}
}

@article{james_f._greenleaf_selected_2003,
	title = {Selected methods for imaging elastic properties of biological tissues},
	volume = {5},
	issn = {1523-9829, 1545-4274},
	url = {http://www.annualreviews.org/doi/abs/10.1146/annurev.bioeng.5.040202.121623},
	doi = {10.1146/annurev.bioeng.5.040202.121623},
	shorttitle = {S {\textless}span style="font-variant},
	pages = {57--78},
	number = {1},
	journaltitle = {Annual Review of Biomedical Engineering},
	author = {{James F. Greenleaf} and {Mostafa Fatemi} and {Michael Insana}},
	urldate = {2015-04-15},
	date = {2003-08},
	langid = {english}
}

@article{rajagopal_modeling_2010,
	title = {Modeling breast biomechanics for multi-modal image analysis-successes and challenges},
	volume = {2},
	issn = {19395094},
	url = {http://doi.wiley.com/10.1002/wsbm.58},
	doi = {10.1002/wsbm.58},
	pages = {293--304},
	number = {3},
	journaltitle = {Wiley Interdisciplinary Reviews: Systems Biology and Medicine},
	author = {Rajagopal, Vijayaraghavan and Nielsen, Poul M. F. and Nash, Martyn P.},
	urldate = {2015-03-22},
	date = {2010-05},
	langid = {english},
	file = {Rajagopal2010-Wiley_Interdisciplinary_Reviews__Systems_Biology_and_Medicine.pdf:C\:\\Users\\212416541\\Documents\\biblio 09-06-2016\\files\\storage\\LEHJSG8X\\Rajagopal2010-Wiley_Interdisciplinary_Reviews__Systems_Biology_and_Medicine.pdf:application/pdf}
}

@article{abbas_samani_method_2004,
	title = {A method to measure the hyperelastic parameters of ex vivo breast tissue samples},
	volume = {49},
	issn = {0031-9155, 1361-6560},
	url = {http://stacks.iop.org/0031-9155/49/i=18/a=014?key=crossref.4a8069c8c53067447eea388da01686c1},
	doi = {10.1088/0031-9155/49/18/014},
	pages = {4395--4405},
	number = {18},
	journaltitle = {Physics in Medicine and Biology},
	author = {{Abbas Samani} and {Donald Plewes}},
	urldate = {2015-04-30},
	date = {2004-09-21},
	file = {samani2004-A method to mesure the hypereleqtic perameters of exvivo breast tissue samples.pdf:C\:\\Users\\212416541\\Documents\\biblio 09-06-2016\\files\\storage\\RBL2QW9C\\samani2004-A method to mesure the hypereleqtic perameters of exvivo breast tissue samples.pdf:application/pdf}
}

@thesis{carter_biomechanical_2009,
	title = {Biomechanical modelling of the breast for image-guided surgery},
	url = {http://cmic.cs.ucl.ac.uk/fileadmin/cmic/theses/Carter_PhD_Thesis.pdf},
	institution = {University of London},
	type = {phdthesis},
	author = {Carter, Timothy John},
	urldate = {2015-03-22},
	date = {2009}
}

@article{branderhorst_mammographic_2015-1,
	title = {Mammographic compression – A need for mechanical standardization},
	volume = {84},
	issn = {0720048X},
	url = {http://linkinghub.elsevier.com/retrieve/pii/S0720048X14005981},
	doi = {10.1016/j.ejrad.2014.12.012},
	pages = {596--602},
	number = {4},
	journaltitle = {European Journal of Radiology},
	author = {Branderhorst, Woutjan and de Groot, Jerry E. and Highnam, Ralph and Chan, Ariane and Böhm-Vélez, Marcela and Broeders, Mireille J.M. and den Heeten, Gerard J. and Grimbergen, Cornelis A.},
	urldate = {2015-03-22},
	date = {2015-04},
	langid = {english}
}

@book{weishaupt_how_2006,
	location = {Berlin ; New York},
	edition = {2nd ed},
	title = {How does {MRI} work?: an introduction to the physics and function of magnetic resonance imaging},
	isbn = {978-3-540-30067-0 3-540-30067-8},
	shorttitle = {How does {MRI} work?},
	pagetotal = {169},
	publisher = {Springer},
	author = {Weishaupt, Dominik and Köchli, Victor D. and Marincek, Borut},
	date = {2006},
	keywords = {Magnetic resonance imaging},
	file = {Dominik Weishaupt, Victor D. Koechli, Borut Marincek-How does MRI work An Introduction to the Physics and Function of Magnetic Resonance Imaging-Springer (2006).pdf:C\:\\Users\\212416541\\Documents\\biblio 09-06-2016\\files\\storage\\64NDSCD2\\Dominik Weishaupt, Victor D. Koechli, Borut Marincek-How does MRI work An Introduction to the Physics and Function of Magnetic Resonance Imaging-.pdf:application/pdf;Dominik Weishaupt, Victor D. Koechli, Borut Marincek-How does MRI work An Introduction to the Physics and Function of Magnetic Resonance Imaging-Springer (2006).pdf:C\:\\Users\\212416541\\Documents\\biblio 09-06-2016\\files\\storage\\XMTDC2YJ\\Dominik Weishaupt, Victor D. Koechli, Borut Marincek-How does MRI work An Introduction to the Physics and Function of Magnetic Resonance Imaging-.pdf:application/pdf;Dominik Weishaupt, Victor D. Koechli, Borut Marincek-How does MRI work An Introduction to the Physics and Function of Magnetic Resonance Imaging-Springer (2006).pdf:C\:\\Users\\212416541\\Documents\\biblio 09-06-2016\\files\\storage\\6JHTBG5S\\Dominik Weishaupt, Victor D. Koechli, Borut Marincek-How does MRI work An Introduction to the Physics and Function of Magnetic Resonance Imaging-.pdf:application/pdf}
}

@article{__2006,
	title = {外科治疗茎突异常的疗效分析},
	volume = {41},
	url = {http://past.entnet.org.cn/upfile/pdf/20111102134511191.pdf},
	pages = {759--762},
	number = {10},
	journaltitle = {中华耳鼻咽喉头颈外科杂志},
	author = {{张庆泉} and {宋西成} and {王强} and {张天振} and {张华} and {孙岩}},
	urldate = {2015-03-22},
	date = {2006}
}

@book{bathe_finite_1995,
	edition = {1},
	title = {Finite Element Procedures},
	publisher = {Prentice Hall},
	author = {Bathe, Klaus-Jurgen},
	date = {1995}
}

@article{jorn_op_den_buijs_predicting_2011,
	title = {Predicting Target Displacements Using Ultrasound Elastography and Finite Element Modeling},
	volume = {58},
	issn = {0018-9294, 1558-2531},
	url = {http://ieeexplore.ieee.org/lpdocs/epic03/wrapper.htm?arnumber=5985489},
	doi = {10.1109/TBME.2011.2164917},
	pages = {3143--3155},
	number = {11},
	journaltitle = {{IEEE} Transactions on Biomedical Engineering},
	author = {{Jorn op den Buijs} and {Hendrik HG Hansen} and {Richard GP Lopata} and {Chris L. de Korte} and {Sarthak Misra}},
	urldate = {2015-04-15},
	date = {2011-11}
}

@article{sylvain_biomechanical_2013,
	title = {Biomechanical breast modelling to improve patient positioning during breast cancer radiotherapy},
	volume = {16},
	issn = {1025-5842, 1476-8259},
	url = {http://www.tandfonline.com/doi/abs/10.1080/10255842.2013.815862},
	doi = {10.1080/10255842.2013.815862},
	pages = {278--279},
	issue = {sup1},
	journaltitle = {Computer Methods in Biomechanics and Biomedical Engineering},
	author = {Sylvain, Vallier and Troccaz, Jocelyne and Gabelle-Flandin, Isabelle and Payan, Yohan},
	urldate = {2015-03-22},
	date = {2013-07},
	langid = {english},
	file = {vallier2013-biomechanical breast modeling to improve patient positioning during breast cancer radiotherapy.pdf:C\:\\Users\\212416541\\Documents\\biblio 09-06-2016\\files\\storage\\TLJKZ5E5\\vallier2013-biomechanical breast modeling to improve patient positioning during breast cancer radiotherapy.pdf:application/pdf}
}

@article{basseville_methodes_2005,
	title = {Méthodes de résolutions en éléments finis},
	volume = {2006},
	url = {http://197.14.51.10:81/pmb/MECANIQUE/f_coursMR.pdf},
	journaltitle = {École Nationale Supérieure des Mines de Paris, Enseignement spécialisé «Éléments finis» S3733-S3735},
	author = {Basseville, Stéphanie and Feyel, Frédéric},
	urldate = {2015-03-22},
	date = {2005}
}

@article{gefen_mechanics_2007,
	title = {Mechanics of the normal woman's breast},
	volume = {15},
	pages = {259--271},
	number = {4},
	journaltitle = {Technology and Health Care},
	author = {Gefen, Amit and Dilmoney, Benny},
	date = {2007},
	file = {2007 Gefen - Mechanics of the normal woman’s breast.PDF:C\:\\Users\\212416541\\Documents\\biblio 09-06-2016\\files\\storage\\9UUVNN59\\2007 Gefen - Mechanics of the normal woman’s breast.PDF:application/pdf}
}

@article{pathmanathan_predicting_2008,
	title = {Predicting Tumor Location by Modeling the Deformation of the Breast},
	volume = {55},
	issn = {0018-9294},
	url = {http://ieeexplore.ieee.org/lpdocs/epic03/wrapper.htm?arnumber=4637996},
	doi = {10.1109/TBME.2008.925714},
	pages = {2471--2480},
	number = {10},
	journaltitle = {{IEEE} Transactions on Biomedical Engineering},
	author = {Pathmanathan, Pras and Gavaghan, David J. and Whiteley, Jonathan P. and Chapman, S. Jonathan and Brady, J. Michael},
	urldate = {2015-04-28},
	date = {2008-10},
	file = {pathmanathan2008-predicting tumor location by modeling the deformation of the breast.pdf:C\:\\Users\\212416541\\Documents\\biblio 09-06-2016\\files\\storage\\BPXT92IG\\pathmanathan2008-predicting tumor location by modeling the deformation of the breast.pdf:application/pdf}
}

@article{groot_towards_2015,
	title = {Towards personalized compression in mammography: A comparison study between pressure- and force-standardization},
	volume = {84},
	issn = {0720048X},
	url = {http://linkinghub.elsevier.com/retrieve/pii/S0720048X14005725},
	doi = {10.1016/j.ejrad.2014.12.005},
	shorttitle = {Towards personalized compression in mammography},
	pages = {384--391},
	number = {3},
	journaltitle = {European Journal of Radiology},
	author = {Groot, Jerry E. de and Branderhorst, Woutjan and Grimbergen, Cornelis A. and Heeten, Gerard J. den and Broeders, Mireille J.M.},
	urldate = {2015-03-22},
	date = {2015-03},
	langid = {english},
	file = {groot2015-Toward personalized compression in mammography.pdf:C\:\\Users\\212416541\\Documents\\biblio 09-06-2016\\files\\storage\\UPVXFD5S\\groot2015-Toward personalized compression in mammography.pdf:application/pdf}
}

@article{tanner_factors_2006,
	title = {Factors influencing the accuracy of biomechanical breast models},
	volume = {33},
	issn = {00942405},
	url = {http://scitation.aip.org/content/aapm/journal/medphys/33/6/10.1118/1.2198315},
	doi = {10.1118/1.2198315},
	pages = {1758},
	number = {6},
	journaltitle = {Medical Physics},
	author = {Tanner, Christine and Schnabel, Julia A. and Hill, Derek L. G. and Hawkes, David J. and Leach, Martin O. and Hose, D. Rodney},
	urldate = {2015-04-20},
	date = {2006},
	langid = {english},
	file = {tanner2006-factors influencing the accuracy of biomechanical breast model.pdf:C\:\\Users\\212416541\\Documents\\biblio 09-06-2016\\files\\storage\\PTSWVT5L\\tanner2006-factors influencing the accuracy of biomechanical breast model.pdf:application/pdf}
}

@article{holden_review_2008,
	title = {A Review of Geometric Transformations for Nonrigid Body Registration},
	volume = {27},
	issn = {0278-0062},
	url = {http://ieeexplore.ieee.org/lpdocs/epic03/wrapper.htm?arnumber=4359047},
	doi = {10.1109/TMI.2007.904691},
	pages = {111--128},
	number = {1},
	journaltitle = {{IEEE} Transactions on Medical Imaging},
	author = {Holden, M.},
	urldate = {2015-04-22},
	date = {2008-01}
}

@article{han_fast_2010,
	title = {Fast Deformation Simulation of Breast Using {GPU} Based dynamic explicit finite element method.pdf},
	journaltitle = {Digital Mammography},
	author = {Han, Lianghao and Hipwell, John H. and Taylor, Zeike A. and Tanner, Christine and Ourselin, Sebastien and Hawkes, David J.},
	date = {2010},
	file = {han2010-fast deformation simulation of breast using gpu based dynamic explicit finite element method.pdf:C\:\\Users\\212416541\\Documents\\biblio 09-06-2016\\files\\storage\\G4Q6FJQU\\han2010-fast deformation simulation of breast using gpu based dynamic explicit finite element method.pdf:application/pdf}
}

@article{__2002,
	title = {О ВЫЧИСЛЕНИИ 3-ЦЕНТРОВЫХ ОДНОЭЛЕКТРОННЫХ ИНТЕГРАЛОВ},
	url = {http://jsc.niic.nsc.ru/JSC/jsc_rus/2002-t43/n3/V43_N3_3.pdf},
	author = {ЭЛЕКТРОНОВ, ИМЭК},
	urldate = {2015-03-22},
	date = {2002}
}

@incollection{gamage_modelling_2012,
	location = {New York, {NY}},
	title = {Modelling Prone to Supine Breast Deformation Under Gravity Loading Using Heterogeneous Finite Element Models},
	isbn = {978-1-4614-3171-8 978-1-4614-3172-5},
	url = {http://link.springer.com/10.1007/978-1-4614-3172-5_5},
	pages = {29--38},
	booktitle = {Computational Biomechanics for Medicine},
	publisher = {Springer New York},
	author = {Gamage, Thiranja P. Babarenda and Boyes, Richard and Rajagopal, Vijayaraghavan and Nielsen, Poul M. F. and Nash, Martyn P.},
	editor = {{Poul M.F. Nielsen} and {Adam Wittek} and {Karol Miller}},
	urldate = {2015-04-28},
	date = {2012},
	langid = {english},
	file = {gamage2012-Modeling prone and supine breast deformation under graviti loading using heterogeneous fem.pdf:C\:\\Users\\212416541\\Documents\\biblio 09-06-2016\\files\\storage\\VP3HSMYB\\gamage2012-Modeling prone and supine breast deformation under graviti loading using heterogeneous fem.pdf:application/pdf}
}

@article{boehler_lois_1978,
	title = {Lois de comportement anisotrope des milieux continus},
	volume = {17},
	pages = {153--190},
	number = {2},
	journaltitle = {Journal de mécanique},
	author = {Boehler, J. P.},
	date = {1978}
}

@article{li_methodology_2009,
	title = {Methodology for generating a 3D computerized breast phantom from empirical data},
	volume = {36},
	issn = {00942405},
	url = {http://scitation.aip.org/content/aapm/journal/medphys/36/7/10.1118/1.3140588},
	doi = {10.1118/1.3140588},
	pages = {3122},
	number = {7},
	journaltitle = {Medical Physics},
	author = {Li, Christina M. and Segars, W. Paul and Tourassi, Georgia D. and Boone, John M. and Dobbins, James T.},
	urldate = {2015-04-15},
	date = {2009},
	langid = {english},
	file = {Li2009-Methodology for generating a3D computerized breast pahantom from empirical data.pdf:C\:\\Users\\212416541\\Documents\\biblio 09-06-2016\\files\\storage\\HFKAUU29\\Li2009-Methodology for generating a3D computerized breast pahantom from empirical data.pdf:application/pdf;Li2009-Methodology for generating a3D computerized breast pahantom from empirical data.pdf:C\:\\Users\\212416541\\Documents\\biblio 09-06-2016\\files\\storage\\RSIGD3DS\\Li2009-Methodology for generating a3D computerized breast pahantom from empirical data.pdf:application/pdf}
}

@article{shewchuk_what_2002,
	title = {What is a good linear finite element? interpolation, conditioning, anisotropy, and quality measures (preprint)},
	volume = {73},
	url = {ftp://ftp.kemsu.ru/incoming/2/Shewchuk%20J.R/elemj.pdf},
	shorttitle = {What is a good linear finite element?},
	journaltitle = {University of California at Berkeley},
	author = {Shewchuk, J.},
	urldate = {2015-04-10},
	date = {2002},
	file = {shewchuk2002-What is a goodlinear finite element.pdf:C\:\\Users\\212416541\\Documents\\biblio 09-06-2016\\files\\storage\\GKWBVVZ9\\shewchuk2002-What is a goodlinear finite element.pdf:application/pdf;shewchuk2002-What is a goodlinear finite element.pdf:C\:\\Users\\212416541\\Documents\\biblio 09-06-2016\\files\\storage\\SXD7NLVM\\shewchuk2002-What is a goodlinear finite element.pdf:application/pdf}
}

@article{azar_methods_2002,
	title = {Methods for modeling and predicting mechanical deformations of the breast under external perturbations},
	volume = {6},
	url = {http://www.sciencedirect.com/science/article/pii/S1361841501000536},
	pages = {1--27},
	number = {1},
	journaltitle = {Medical Image Analysis},
	author = {Azar, Fred S. and Metaxas, Dimitris N. and Schnall, Mitchell D.},
	urldate = {2015-04-15},
	date = {2002},
	file = {azar2002-methods for modeling and predicting mechanical deformation of the breast under external perturbations.pdf:C\:\\Users\\212416541\\Documents\\biblio 09-06-2016\\files\\storage\\3TTZJQ8L\\azar2002-methods for modeling and predicting mechanical deformation of the breast under external perturbations.pdf:application/pdf}
}

@article{grimbergen_pressure_2013-1,
	title = {Pressure and breast thickness in mammography—what about physics?},
	volume = {86},
	issn = {0007-1285, 1748-880X},
	url = {http://www.birpublications.org/doi/abs/10.1259/bjr.20130208},
	doi = {10.1259/bjr.20130208},
	pages = {20130208},
	number = {1027},
	journaltitle = {The British Journal of Radiology},
	author = {Grimbergen, C A and Heeten, G J den},
	urldate = {2015-03-22},
	date = {2013-07},
	langid = {english}
}

@article{eric_j._chen_youngs_1996,
	title = {Young's modulus measurements of soft tissues with application to elasticity imaging},
	volume = {43},
	url = {http://ieeexplore.ieee.org/xpls/abs_all.jsp?arnumber=484478},
	pages = {191--194},
	number = {1},
	journaltitle = {Ultrasonics, Ferroelectrics, and Frequency Control, {IEEE} Transactions on},
	author = {{Eric J. Chen} and {Jan Novakofski} and {W. Kenneth Jenkins} and {William D. O'Brien Jr}},
	urldate = {2015-04-15},
	date = {1996},
	file = {Chen1996-Young's modulus measurements of soft tissues with application to elasticity imaging.pdf:C\:\\Users\\212416541\\Documents\\biblio 09-06-2016\\files\\storage\\WH34GKX9\\Chen1996-Young's modulus measurements of soft tissues with application to elasticity imaging.pdf:application/pdf}
}

@article{jerry_e._towards_2014,
	title = {Towards personalized compression in mammography: A comparison study between pressure- and force-standardization},
	journaltitle = {European Journal of Radiology},
	author = {Jerry E., de Groot and Woutjan, Branderhorst and Cornelis A., Grimbergen and Gerard J., den Heeten and Mireille J.M., Broeders},
	date = {2014}
}

@article{dufaye_advanced_2013,
	title = {Advanced modelling of the mechanical behaviour of biological tissues: application to 3D breast deformation},
	volume = {16},
	issn = {1025-5842, 1476-8259},
	url = {http://www.tandfonline.com/doi/abs/10.1080/10255842.2013.815917},
	doi = {10.1080/10255842.2013.815917},
	shorttitle = {Advanced modelling of the mechanical behaviour of biological tissues},
	pages = {305--307},
	issue = {sup1},
	journaltitle = {Computer Methods in Biomechanics and Biomedical Engineering},
	author = {Dufaye, G. and Cherouat, A. and Bachmann, J.M.},
	urldate = {2015-03-22},
	date = {2013-07},
	langid = {english}
}

@thesis{pathmanathan_predicting_2006,
	title = {Predicting tumour location by simulating the deformation of the breast using nonlinear elasticity and the {FEM}},
	url = {http://trid.trb.org/view.aspx?id=1150648},
	shorttitle = {Belief, attitude, intention and behavior},
	institution = {University of Oxford},
	type = {phdthesis},
	author = {Pathmanathan, Pras},
	urldate = {2015-04-20},
	date = {2006}
}

@article{rajagopal_creating_2008,
	title = {Creating Individual-specific Biomechanical Models of the Breast for Medical Image Analysis},
	volume = {15},
	issn = {10766332},
	url = {http://linkinghub.elsevier.com/retrieve/pii/S1076633208004224},
	doi = {10.1016/j.acra.2008.07.017},
	pages = {1425--1436},
	number = {11},
	journaltitle = {Academic Radiology},
	author = {Rajagopal, Vijayaraghavan and Lee, Angela and Chung, Jae-Hoon and Warren, Ruth and Highnam, Ralph P. and Nash, Martyn P. and Nielsen, Poul M.F.},
	urldate = {2015-04-20},
	date = {2008-11},
	langid = {english},
	file = {rajagopal2008-Creating Individual-specific Biomechanical Models of the Breast for Medical Image Analysis.pdf:C\:\\Users\\212416541\\Documents\\biblio 09-06-2016\\files\\storage\\ZBMQ752T\\rajagopal2008-Creating Individual-specific Biomechanical Models of the Breast for Medical Image Analysis.pdf:application/pdf}
}

@thesis{rajagopal_modelling_2007,
	title = {Modelling breast tissue mechanics under gravity loading},
	url = {http://citeseerx.ist.psu.edu/viewdoc/download?doi=10.1.1.136.391&rep=rep1&type=pdf},
	institution = {{ResearchSpace}@ Auckland},
	type = {phdthesis},
	author = {Rajagopal, Vijayaraghavan},
	urldate = {2015-03-22},
	date = {2007}
}

@article{xing_liang_biomechanical_2010,
	title = {Biomechanical Properties of In Vivo Human Skin From Dynamic Optical Coherence Elastography},
	volume = {57},
	issn = {0018-9294},
	url = {http://ieeexplore.ieee.org/lpdocs/epic03/wrapper.htm?arnumber=5282637},
	doi = {10.1109/TBME.2009.2033464},
	pages = {953--959},
	number = {4},
	journaltitle = {{IEEE} Transactions on Biomedical Engineering},
	author = {{Xing Liang} and {Stephen A. Boppart}},
	urldate = {2015-05-06},
	date = {2010-04},
	file = {Liang2010-Biomechanical properties of in vivo humas skin from dynamic optimal coherence elastrography.pdf:C\:\\Users\\212416541\\Documents\\biblio 09-06-2016\\files\\storage\\W56CDSUN\\Liang2010-Biomechanical properties of in vivo humas skin from dynamic optimal coherence elastrography.pdf:application/pdf}
}

@incollection{chung_modelling_2008,
	title = {Modelling mammographic compression of the breast},
	url = {http://link.springer.com/chapter/10.1007/978-3-540-85990-1_91},
	pages = {758--765},
	booktitle = {Medical Image Computing and Computer-Assisted Intervention–{MICCAI} 2008},
	publisher = {Springer},
	author = {Chung, Jae-Hoon and Rajagopal, Vijay and Nielsen, Poul {MF} and Nash, Martyn P.},
	urldate = {2015-04-20},
	date = {2008},
	file = {chung2008-Modelling mammographic compression of the breast.pdf:C\:\\Users\\212416541\\Documents\\biblio 09-06-2016\\files\\storage\\GR2KRVLA\\chung2008-Modelling mammographic compression of the breast.pdf:application/pdf}
}

@article{j.m._guinebretiere_normal_2005,
	title = {Normal and pathological breast, the histological basis},
	volume = {54},
	issn = {0720048X},
	url = {http://linkinghub.elsevier.com/retrieve/pii/S0720048X0500015X},
	doi = {10.1016/j.ejrad.2004.11.020},
	pages = {6--14},
	number = {1},
	journaltitle = {European Journal of Radiology},
	author = {{J.M. Guinebretière} and {E. Menet} and {A. Tardivon} and {P. Cherel} and {D. Vanel}},
	urldate = {2015-04-20},
	date = {2005-04},
	langid = {english},
	file = {guinebretiere2005-Normal ans pathological breast, the histological basis.pdf:C\:\\Users\\212416541\\Documents\\biblio 09-06-2016\\files\\storage\\UIQNSZPI\\guinebretiere2005-Normal ans pathological breast, the histological basis.pdf:application/pdf}
}

@misc{welch_introduction_2006,
	title = {An introduction to Kalman filter},
	author = {Welch, Greg and Bishop, Gary},
	date = {2006-07-02}
}

@article{joseph_j_ohagan_measurement_2008,
	title = {Measurement of the hyperelastic properties of tissue slices with tumour inclusion},
	volume = {53},
	issn = {0031-9155, 1361-6560},
	url = {http://stacks.iop.org/0031-9155/53/i=24/a=006?key=crossref.6f6af841081968ebbf86c609257789e0},
	doi = {10.1088/0031-9155/53/24/006},
	pages = {7087--7106},
	number = {24},
	journaltitle = {Physics in Medicine and Biology},
	author = {{Joseph J O'Hagan} and {Abbas Samani}},
	urldate = {2015-04-30},
	date = {2008-12-21},
	file = {samani2008-Mesurement of the hyperelastic properties of tissue slice with tumourinclusion.pdf:C\:\\Users\\212416541\\Documents\\biblio 09-06-2016\\files\\storage\\TCQTULBX\\samani2008-Mesurement of the hyperelastic properties of tissue slice with tumourinclusion.pdf:application/pdf}
}

@article{abbas_biomechanical_2001,
	title = {Biomechanical 3-D finite element modeling of the human breast using {MRI} data},
	volume = {20},
	url = {http://ieeexplore.ieee.org/xpls/abs_all.jsp?arnumber=921476},
	pages = {271--279},
	number = {4},
	journaltitle = {Medical Imaging, {IEEE} Transactions on},
	author = {Abbas, Samani and Bishop, Jonathan and Yaffe, Martin J. and Plewes, Donald B.},
	urldate = {2015-05-06},
	date = {2001},
	file = {samani2001-biomechanical 3d finiteelement modeling of the human brest using MRI data.pdf:C\:\\Users\\212416541\\Documents\\biblio 09-06-2016\\files\\storage\\3A2R4Y78\\samani2001-biomechanical 3d finiteelement modeling of the human brest using MRI data.pdf:application/pdf}
}

@online{_ieee_2015,
	title = {{IEEE} Xplore Full-Text {PDF}:},
	url = {http://ieeexplore.ieee.org.gaelnomade.ujf-grenoble.fr/stamp/stamp.jsp?tp=&arnumber=5282637},
	urldate = {2015-05-06},
	date = {2015-05-06}
}

@online{_bonne_2015,
	title = {Bonne année. - miraanna15@gmail.com - Gmail},
	url = {https://mail.google.com/mail/u/0/#search/serge.muller%40med.ge.com/14aa17c3bb6afaa3?projector=1},
	urldate = {2015-04-17},
	date = {2015-04-17}
}

@online{center_for_history_and_new_media_guide_????,
	title = {Guide rapide pour débuter},
	url = {http://zotero.org/support/quick_start_guide},
	author = {{Center for History and New Media}}
}

@incollection{miller_interventions_2008,
	location = {Chichester, {UK}},
	title = {Interventions for relieving the pain and discomfort of screening mammography},
	url = {http://doi.wiley.com/10.1002/14651858.CD002942.pub2},
	booktitle = {Cochrane Database of Systematic Reviews},
	publisher = {John Wiley \& Sons, Ltd},
	author = {Miller, Dawn and Livingstone, Vicki and Herbison, G Peter},
	editor = {{The Cochrane Collaboration}},
	urldate = {2015-04-17},
	date = {2008-01-23},
	langid = {english},
	file = {miller2008-interventions for relieving the pain and disconfort of screening mammography.pdf:C\:\\Users\\212416541\\Documents\\biblio 09-06-2016\\files\\storage\\XH3YXIBQ\\miller2008-interventions for relieving the pain and disconfort of screening mammography.pdf:application/pdf}
}

@incollection{rajagopal_mapping_2010,
	location = {New York, {NY}},
	title = {Mapping Microcalcifications Between 2D Mammograms and 3D {MRI} Using a Biomechanical Model of the Breast},
	isbn = {978-1-4419-5873-0 978-1-4419-5874-7},
	url = {http://link.springer.com/10.1007/978-1-4419-5874-7_3},
	pages = {17--28},
	booktitle = {Computational Biomechanics for Medicine},
	publisher = {Springer},
	author = {Rajagopal, Vijayaraghavan and Chung, Jae-Hoon and Highnam, Ralph P. and Warren, Ruth and Nielsen, Poul M.F. and {Martyn P. Nash}},
	editor = {{Karol Miller} and {Poul M.F. Nielsen}},
	urldate = {2015-04-22},
	date = {2010},
	langid = {english},
	file = {rajagopal2010 mapping microclacifications between 2d mammograms and 3d mri using a biomechanical model of the breast.pdf:C\:\\Users\\212416541\\Documents\\biblio 09-06-2016\\files\\storage\\NNIKGD4H\\rajagopal2010 mapping microclacifications between 2d mammograms and 3d mri using a biomechanical model of the breast.pdf:application/pdf}
}

@book{vetterli_foundations_2014,
	location = {Cambridge},
	title = {Foundations of signal processing},
	isbn = {978-1-107-03860-8},
	pagetotal = {715},
	publisher = {Cambridge University Press},
	author = {Vetterli, Martin},
	editora = {Kovačević, Jelena and Goyal, Vivek K.},
	editoratype = {collaborator},
	date = {2014},
	keywords = {Signal processing}
}

@article{thomas_a._krouskop_elastic_1998,
	title = {Elastic Moduli of Breast and Prostate Tissues under Compression},
	volume = {20},
	issn = {0161-7346, 1096-0910},
	url = {http://uix.sagepub.com/lookup/doi/10.1177/016173469802000403},
	doi = {10.1177/016173469802000403},
	pages = {260--274},
	number = {4},
	journaltitle = {Ultrasonic Imaging},
	author = {{Thomas A. Krouskop} and {Thomas M. Wheeler} and {Faouzi Kallel} and {Brian S. Garra} and {Timothy Hall}},
	urldate = {2015-04-15},
	date = {1998-10-01},
	langid = {english},
	file = {krouskop1998-Elastic Moduli of Breast and Prostate Tissues under Compression.pdf:C\:\\Users\\212416541\\Documents\\biblio 09-06-2016\\files\\storage\\7GQ3VWNE\\krouskop1998-Elastic Moduli of Breast and Prostate Tissues under Compression.pdf:application/pdf}
}

@thesis{kvistedal_multiaxial_2005,
	title = {Multiaxial in-vivo testing of human skin},
	url = {http://www.researchgate.net/profile/Yme_Kvistedal/publication/36120067_Multiaxial_in-vivo_testing_of_human_skin_/links/0046353a86bee5b529000000.pdf},
	institution = {University of Auckland New Zealand},
	type = {phdthesis},
	author = {Kvistedal, Yme Asgeir},
	urldate = {2015-06-01},
	date = {2005},
	file = {kvistedal-Multiaxial In-Vivo Testing of human skin.pdf:C\:\\Users\\212416541\\Documents\\biblio 09-06-2016\\files\\storage\\KWLNCV99\\kvistedal-Multiaxial In-Vivo Testing of human skin.pdf:application/pdf;kvistedal-Multiaxial In-Vivo Testing of human skin.pdf:C\:\\Users\\212416541\\Documents\\biblio 09-06-2016\\files\\storage\\X3ASRNQD\\kvistedal-Multiaxial In-Vivo Testing of human skin.pdf:application/pdf}
}

@article{hendriks_relative_2006,
	title = {The relative contributions of different skin layers to the mechanical behavior of human skin in vivo using suction experiments},
	volume = {28},
	issn = {13504533},
	url = {http://linkinghub.elsevier.com/retrieve/pii/S1350453305001451},
	doi = {10.1016/j.medengphy.2005.07.001},
	pages = {259--266},
	number = {3},
	journaltitle = {Medical Engineering \& Physics},
	author = {Hendriks, F.M. and Brokken, D. and Oomens, C.W.J. and Bader, D.L. and Baaijens, F.P.T.},
	urldate = {2015-06-01},
	date = {2006-04},
	langid = {english},
	file = {Hendriks-The relative contributions of different skin layers to the mechanical behavior of human skin in vivo using suction experiments.pdf:C\:\\Users\\212416541\\Documents\\biblio 09-06-2016\\files\\storage\\ISTU5ZL9\\Hendriks-The relative contributions of different skin layers to the mechanical behavior of human skin in vivo using suction experiments.pdf:application/pdf;Hendriks-The relative contributions of different skin layers to the mechanical behavior of human skin in vivo using suction experiments.pdf:C\:\\Users\\212416541\\Documents\\biblio 09-06-2016\\files\\storage\\TQ7LE5EV\\Hendriks-The relative contributions of different skin layers to the mechanical behavior of human skin in vivo using suction experiments.pdf:application/pdf}
}

@article{hendriks_numerical-experimental_2003,
	title = {A numerical-experimental method to characterize the non-linear mechanical behaviour of human skin},
	volume = {9},
	url = {http://onlinelibrary.wiley.com/doi/10.1034/j.1600-0846.2003.00019.x/full},
	pages = {274--283},
	number = {3},
	journaltitle = {Skin research and technology},
	author = {Hendriks, F. M. and Brokken, Dirk and Van Eemeren, {JTWM} and Oomens, C. W. J. and Baaijens, F. P. T. and Horsten, {JBAM}},
	urldate = {2015-06-01},
	date = {2003},
	file = {hendriks-A numerical-experimental method to characterize the non-linear mechanical behaviour of human skin.pdf:C\:\\Users\\212416541\\Documents\\biblio 09-06-2016\\files\\storage\\DAX9PZ7K\\hendriks-A numerical-experimental method to characterize the non-linear mechanical behaviour of human skin.pdf:application/pdf}
}

@article{bischoff_finite_2000,
	title = {Finite element modeling of human skin using an isotropic, nonlinear elastic constitutive model},
	volume = {33},
	url = {http://www.sciencedirect.com/science/article/pii/S002192900000018X},
	pages = {645--652},
	number = {6},
	journaltitle = {Journal of biomechanics},
	author = {Bischoff, Jeffrey E. and Arruda, Ellen M. and Grosh, Karl},
	urldate = {2015-06-03},
	date = {2000},
	file = {jeffrey-Finite element modeling of human skin using an isotropic, nonlinear elastic constitutive model.pdf:C\:\\Users\\212416541\\Documents\\biblio 09-06-2016\\files\\storage\\897X3ER6\\jeffrey-Finite element modeling of human skin using an isotropic, nonlinear elastic constitutive model.pdf:application/pdf;jeffrey-Finite element modeling of human skin using an isotropic, nonlinear elastic constitutive model.pdf:C\:\\Users\\212416541\\Documents\\biblio 09-06-2016\\files\\storage\\YESEJETE\\jeffrey-Finite element modeling of human skin using an isotropic, nonlinear elastic constitutive model.pdf:application/pdf}
}

@article{sutradhar_vivo_2013,
	title = {\textit{In vivo} measurement of breast skin elasticity and breast skin thickness},
	volume = {19},
	issn = {0909752X},
	url = {http://doi.wiley.com/10.1111/j.1600-0846.2012.00627.x},
	doi = {10.1111/j.1600-0846.2012.00627.x},
	pages = {e191--e199},
	number = {1},
	journaltitle = {Skin Research and Technology},
	author = {Sutradhar, Alok and Miller, Michael J.},
	urldate = {2015-06-03},
	date = {2013-02},
	langid = {english},
	file = {Sutradhar- in vivvo measurement of breast skin elasticity and breast skin thickness.pdf:C\:\\Users\\212416541\\Documents\\biblio 09-06-2016\\files\\storage\\Q8BWRIB7\\Sutradhar- in vivvo measurement of breast skin elasticity and breast skin thickness.pdf:application/pdf;Sutradhar- in vivvo measurement of breast skin elasticity and breast skin thickness.pdf:C\:\\Users\\212416541\\Documents\\biblio 09-06-2016\\files\\storage\\M2CXDAT2\\Sutradhar- in vivvo measurement of breast skin elasticity and breast skin thickness.pdf:application/pdf}
}

@incollection{seckel_inframammary_2009,
	title = {The Inframammary Crease},
	url = {http://link.springer.com/chapter/10.1007/978-3-540-78948-2_5},
	pages = {51--55},
	booktitle = {Breast Augmentation},
	publisher = {Springer},
	author = {Seckel, Brooke R. and Sati, Shawkat A. and {McClellan}, W. Thomas},
	urldate = {2015-06-16},
	date = {2009},
	file = {seckel2009.pdf:C\:\\Users\\212416541\\Documents\\biblio 09-06-2016\\files\\storage\\FHJTLTLT\\seckel2009.pdf:application/pdf}
}

@article{jinde_anatomy_2006,
	title = {Anatomy and Clinical Significance of Pectoral Fascia:},
	volume = {118},
	issn = {0032-1052},
	url = {http://content.wkhealth.com/linkback/openurl?sid=WKPTLP:landingpage&an=00006534-200612000-00009},
	doi = {10.1097/01.prs.0000237002.89761.98},
	shorttitle = {Anatomy and Clinical Significance of Pectoral Fascia},
	pages = {1557--1560},
	number = {7},
	journaltitle = {Plastic and Reconstructive Surgery},
	author = {Jinde, Lin and Jianliang, Song and Xiaoping, Chen and Xiaoyan, Tan and Jiaqing, Lou and Qun, Men and Bo, Li},
	urldate = {2015-07-06},
	date = {2006-12},
	langid = {english},
	file = {00006534-200612000-00009.pdf:C\:\\Users\\212416541\\Documents\\biblio 09-06-2016\\files\\storage\\AA54FGPA\\00006534-200612000-00009.pdf:application/pdf}
}

@article{maurizio_focus_1997,
	title = {Focus on the Breast Fascial System: a new approach for inframammary fold reconstruction.},
	author = {Maurizio, Nava and Pasquale, Quattrone and Egidio, Riggio},
	date = {1997},
	file = {00006534-199809020-00018.pdf:C\:\\Users\\212416541\\Documents\\biblio 09-06-2016\\files\\storage\\4XT872X3\\00006534-199809020-00018.pdf:application/pdf}
}

@article{lockwood_reduction_1999,
	title = {Reduction Mammaplasty and Mastopexy with superficial Fascial System Suspension},
	volume = {103},
	pages = {1411--1420},
	number = {5},
	journaltitle = {Plastic and Reconstructive Surgery},
	author = {Lockwood, Ted},
	date = {1999},
	file = {00006534-199904020-00009.pdf:C\:\\Users\\212416541\\Documents\\biblio 09-06-2016\\files\\storage\\WPNKTZBU\\00006534-199904020-00009.pdf:application/pdf}
}

@article{e._riggio_anatomical_2000,
	title = {Anatomical study of the breast superficial fascial system: the inframammary fold unit},
	volume = {23},
	url = {http://link.springer.com/article/10.1007/s002380000163},
	shorttitle = {Anatomical study of the breast superficial fascial system},
	pages = {310--315},
	number = {6},
	journaltitle = {European Journal of Plastic Surgery},
	author = {{E. Riggio} and {P. Quattrone} and {M. Nava}},
	urldate = {2015-05-29},
	date = {2000},
	file = {roggio-Anatomical study of the breast superficial fascial system.pdf:C\:\\Users\\212416541\\Documents\\biblio 09-06-2016\\files\\storage\\2HQCC4ZT\\roggio-Anatomical study of the breast superficial fascial system.pdf:application/pdf}
}

@article{bayati_inframammary_1995,
	title = {Inframammary Crease Ligament},
	volume = {95},
	pages = {501--508},
	number = {3},
	journaltitle = {Plastic and Reconstructive Surgery},
	author = {Bayati, Semira and Seckel, Brooke R.},
	date = {1995},
	file = {bayati- Inframammary Crease Ligament.pdf:C\:\\Users\\212416541\\Documents\\biblio 09-06-2016\\files\\storage\\EZL6RUR6\\bayati- Inframammary Crease Ligament.pdf:application/pdf}
}

@article{vegas_stiffness_2013,
	title = {Stiffness, Compliance, Resilience, and Creep Deformation: Understanding Implant-Soft Tissue Dynamics in the Augmented Breast: Fundamentals Based on Materials Science},
	volume = {37},
	issn = {0364-216X, 1432-5241},
	url = {http://link.springer.com/10.1007/s00266-013-0197-y},
	doi = {10.1007/s00266-013-0197-y},
	shorttitle = {Stiffness, Compliance, Resilience, and Creep Deformation},
	pages = {922--930},
	number = {5},
	journaltitle = {Aesthetic Plastic Surgery},
	author = {Vegas, Manuel R. and Martin del Yerro, Jose L.},
	urldate = {2015-06-03},
	date = {2013-10},
	langid = {english},
	file = {Manuel-Stiffness Compliance Resilience and Creep Deformation.pdf:C\:\\Users\\212416541\\Documents\\biblio 09-06-2016\\files\\storage\\J9U4CMA3\\Manuel-Stiffness Compliance Resilience and Creep Deformation.pdf:application/pdf}
}

@article{abu-hijleh_membranous_2006,
	title = {The membranous layer of superficial fascia: evidence for its widespread distribution in the body},
	volume = {28},
	issn = {0930-1038, 1279-8517},
	url = {http://link.springer.com/10.1007/s00276-006-0142-8},
	doi = {10.1007/s00276-006-0142-8},
	shorttitle = {The membranous layer of superficial fascia},
	pages = {606--619},
	number = {6},
	journaltitle = {Surgical and Radiologic Anatomy},
	author = {Abu-Hijleh, M. F. and Roshier, A. L. and Al-Shboul, Q. and Dharap, A. S. and Harris, P. F.},
	urldate = {2015-06-03},
	date = {2006-12},
	langid = {english},
	file = {abu-hijleh-the membranous layer of superficial fascia.pdf:C\:\\Users\\212416541\\Documents\\biblio 09-06-2016\\files\\storage\\TRKBMBLF\\abu-hijleh-the membranous layer of superficial fascia.pdf:application/pdf}
}

@article{gui_inframammary_????,
	title = {The inframammary fold: contents, clinical significance and implications for immediate breast reconstruction},
	author = {Gui, G.P.H.},
	file = {1-s2.0-S0007122603005599-main.pdf:C\:\\Users\\212416541\\Documents\\biblio 09-06-2016\\files\\storage\\UNAKMZXX\\1-s2.0-S0007122603005599-main.pdf:application/pdf}
}

@article{_mechanical_????,
	title = {Mechanical Properties of Collagen Fibrils},
	file = {1255.pdf:C\:\\Users\\212416541\\Documents\\biblio 09-06-2016\\files\\storage\\2HFM6Y42\\1255.pdf:application/pdf}
}

@online{duroux_depistage_2014,
	title = {Dépistage du cancer du sein : les avantages de la mammographie 3D par tomosynthèse confirmée},
	url = {https://www.american-hospital.org/fr/actualites/actualites-sante-dans-le-monde/actualite/article/depistage-du-cancer-3.html},
	shorttitle = {Dépistage du cancer du sein},
	abstract = {La tomosynthèse est la dernière innovation technologique en matière de mammographie et de dépistage ...},
	titleaddon = {American Hospital Of Paris},
	author = {Duroux, Pierre},
	urldate = {2015-11-27},
	date = {2014},
	file = {Snapshot:C\:\\Users\\212416541\\Documents\\biblio 09-06-2016\\files\\storage\\6S8X5QCZ\\depistage-du-cancer-3.html:}
}

@article{brieu_nonlinear-elastic_2015,
	title = {A nonlinear-elastic constitutive model for soft connective tissue based on a histologic description: Application to female pelvic soft tissue},
	issn = {17516161},
	url = {http://linkinghub.elsevier.com/retrieve/pii/S1751616115003604},
	doi = {10.1016/j.jmbbm.2015.09.023},
	shorttitle = {A nonlinear-elastic constitutive model for soft connective tissue based on a histologic description},
	journaltitle = {Journal of the Mechanical Behavior of Biomedical Materials},
	author = {Brieu, Mathias and Chantereau, Pierre and Gillibert, Jean and de Landsheere, Laurent and Lecomte, Pauline and Cosson, Michel},
	urldate = {2016-01-27},
	date = {2015-09},
	langid = {english},
	file = {1-s2.0-S1751616115003604-main.pdf:C\:\\Users\\212416541\\Documents\\biblio 09-06-2016\\files\\storage\\7BE9WQLK\\1-s2.0-S1751616115003604-main.pdf:application/pdf}
}

@article{de_landsheere_histology_2013,
	title = {Histology of the vaginal wall in women with pelvic organ prolapse: a literature review},
	volume = {24},
	url = {http://link.springer.com/article/10.1007/s00192-013-2111-1},
	shorttitle = {Histology of the vaginal wall in women with pelvic organ prolapse},
	pages = {2011--2020},
	number = {12},
	journaltitle = {International urogynecology journal},
	author = {De Landsheere, Laurent and Munaut, Carine and Nusgens, Betty and Maillard, Catherine and Rubod, Chrystèle and Nisolle, Michelle and Cosson, Michel and Foidart, Jean-Michel},
	urldate = {2016-01-27},
	date = {2013}
}

@article{mahr_three-dimensional_2012,
	title = {Three-Dimensional In Silico Breast Phantoms for Multimodal Image Simulations},
	volume = {31},
	issn = {0278-0062, 1558-254X},
	url = {http://ieeexplore.ieee.org/lpdocs/epic03/wrapper.htm?arnumber=6074946},
	doi = {10.1109/TMI.2011.2175401},
	pages = {689--697},
	number = {3},
	journaltitle = {{IEEE} Transactions on Medical Imaging},
	author = {Mahr, D. M. and Bhargava, R. and Insana, M. F.},
	urldate = {2015-07-09},
	date = {2012-03},
	file = {nihms538014.pdf:C\:\\Users\\212416541\\Documents\\biblio 09-06-2016\\files\\storage\\27MSQQDH\\nihms538014.pdf:}
}

@patent{__????
}

@online{_superficial_2015,
	title = {The Superficial Fascia System of the Breast: Our Internal Bra {\textbar} {iClinicalStudy}.org},
	url = {http://www.iclinicalstudy.org/portfolio/superficial-fascia-system-breast-our-internal-bra},
	urldate = {2015-07-21},
	date = {2015-07-21},
	file = {The Superficial Fascia System of the Breast\: Our Internal Bra | iClinicalStudy.org:C\:\\Users\\212416541\\Documents\\biblio 09-06-2016\\files\\storage\\H8ZKDPIZ\\superficial-fascia-system-breast-our-internal-bra.html:}
}

@article{govindjee_computational_????,
	title = {Computational methods for inverse deformations in quasi-incompressible finite elasticity},
	author = {Govindjee, Sanjay and Mihalic, Paul A.},
	file = {Computational methods for inverse deformations in quasi-incompressible finite elasticity:C\:\\Users\\212416541\\Documents\\biblio 09-06-2016\\files\\storage\\6EQLMCAB\\Computational methods for inverse deformations in quasi-incompressible finite elasticity.pdf:}
}

@article{cardona_finite_2006,
	title = {A finite element model for inverse design problems in large deformations anisotropic hyperelasticity},
	volume = {25},
	url = {http://cimec.org.ar/ojs/index.php/mc/article/view/571/545},
	pages = {1269--1284},
	journaltitle = {Mecánica Computacional},
	author = {Cardona, Alberto and Nigro, Norberto and Sonzogni, Victorio and Storti, Mario},
	urldate = {2015-08-27},
	date = {2006},
	file = {545.pdf:C\:\\Users\\212416541\\Documents\\biblio 09-06-2016\\files\\storage\\B75WRQLX\\545.pdf:}
}

@article{sellier_iterative_2011,
	title = {An iterative method for the inverse elasto-static problem},
	volume = {27},
	issn = {08899746},
	url = {http://linkinghub.elsevier.com/retrieve/pii/S088997461100123X},
	doi = {10.1016/j.jfluidstructs.2011.08.002},
	pages = {1461--1470},
	number = {8},
	journaltitle = {Journal of Fluids and Structures},
	author = {Sellier, M.},
	urldate = {2015-08-31},
	date = {2011-11},
	langid = {english},
	file = {1-s2.0-S088997461100123X-main.pdf:C\:\\Users\\212416541\\Documents\\biblio 09-06-2016\\files\\storage\\J3KNKYSF\\1-s2.0-S088997461100123X-main.pdf:}
}

@article{eder_comparison_2014,
	title = {Comparison of Different Material Models to Simulate 3-D Breast Deformations Using Finite Element Analysis},
	volume = {42},
	issn = {0090-6964, 1573-9686},
	url = {http://link.springer.com/10.1007/s10439-013-0962-8},
	doi = {10.1007/s10439-013-0962-8},
	pages = {843--857},
	number = {4},
	journaltitle = {Annals of Biomedical Engineering},
	author = {Eder, Maximilian and Raith, Stefan and Jalali, Jalil and Volf, Alexander and Settles, Markus and Machens, Hans-Günther and Kovacs, Laszlo},
	urldate = {2016-01-12},
	date = {2014-04},
	langid = {english}
}

@inproceedings{eiben_biomechanically_2013,
	title = {Biomechanically guided prone-to-supine image registration of breast {MRI} using an estimated reference state},
	url = {http://ieeexplore.ieee.org/xpls/abs_all.jsp?arnumber=6556450},
	pages = {214--217},
	booktitle = {Biomedical Imaging ({ISBI}), 2013 {IEEE} 10th International Symposium on},
	publisher = {{IEEE}},
	author = {Eiben, Bjorn and Han, Lianghao and Hipwell, John H. and Mertzanidou, Thomy and Kabus, Sven and Bülow, Thomas and Lorenz, Casimir and Newstead, G. M. and Abe, Hiroyuki and Keshtgar, Mohammed and {others}},
	urldate = {2016-01-12},
	date = {2013},
	file = {06556450.pdf:C\:\\Users\\212416541\\Documents\\biblio 09-06-2016\\files\\storage\\XQGY924D\\06556450.pdf:}
}

@article{vavourakis_inverse_2016,
	title = {An Inverse Finite Element u/p-Formulation to Predict the Unloaded State of In Vivo Biological Soft Tissues},
	volume = {44},
	issn = {0090-6964, 1573-9686},
	url = {http://link.springer.com/10.1007/s10439-015-1405-5},
	doi = {10.1007/s10439-015-1405-5},
	pages = {187--201},
	number = {1},
	journaltitle = {Annals of Biomedical Engineering},
	author = {Vavourakis, Vasileios and Hipwell, John H. and Hawkes, David J.},
	urldate = {2016-01-29},
	date = {2016-01},
	langid = {english}
}

@article{hipwell_review_2016,
	title = {A review of biomechanically informed breast image registration},
	volume = {61},
	issn = {0031-9155, 1361-6560},
	url = {http://stacks.iop.org/0031-9155/61/i=2/a=R1?key=crossref.4b9cee8c4793b7e163614bef20ea6617},
	doi = {10.1088/0031-9155/61/2/R1},
	pages = {R1--R31},
	number = {2},
	journaltitle = {Physics in Medicine and Biology},
	author = {Hipwell, John H and Vavourakis, Vasileios and Han, Lianghao and Mertzanidou, Thomy and Eiben, Björn and Hawkes, David J},
	urldate = {2016-02-15},
	date = {2016-01-21}
}

@inproceedings{eiben_breast_2014,
	title = {Breast deformation modelling: comparison of methods to obtain a patient specific unloaded configuration},
	url = {http://proceedings.spiedigitallibrary.org/proceeding.aspx?doi=10.1117/12.2043607},
	doi = {10.1117/12.2043607},
	shorttitle = {Breast deformation modelling},
	pages = {903615},
	author = {Eiben, Björn and Vavourakis, Vasileios and Hipwell, John H. and Kabus, Sven and Lorenz, Cristian and Buelow, Thomas and Hawkes, David J.},
	editor = {Yaniv, Ziv R. and Holmes, David R.},
	urldate = {2016-02-16},
	date = {2014-03-12},
	file = {2014 Hawkes - Breast deformation modelling.pdf:C\:\\Users\\212416541\\Documents\\biblio 09-06-2016\\files\\storage\\XCLYQI2Z\\2014 Hawkes - Breast deformation modelling.pdf:application/pdf}
}

@article{eiben_symmetric_2016,
	title = {Symmetric Biomechanically Guided Prone-to-Supine Breast Image Registration},
	volume = {44},
	issn = {0090-6964, 1573-9686},
	url = {http://link.springer.com/10.1007/s10439-015-1496-z},
	doi = {10.1007/s10439-015-1496-z},
	pages = {154--173},
	number = {1},
	journaltitle = {Annals of Biomedical Engineering},
	author = {Eiben, Björn and Vavourakis, Vasileios and Hipwell, John H. and Kabus, Sven and Buelow, Thomas and Lorenz, Cristian and Mertzanidou, Thomy and Reis, Sara and Williams, Norman R. and Keshtgar, Mohammed and Hawkes, David J.},
	urldate = {2016-02-29},
	date = {2016-01},
	langid = {english},
	file = {2016 Symmetric Biomechanically Guided Prone-to-Supine Breast Image Registration.pdf:C\:\\Users\\212416541\\Documents\\biblio 09-06-2016\\files\\storage\\WS85WNL9\\2016 Symmetric Biomechanically Guided Prone-to-Supine Breast Image Registration.pdf:application/pdf}
}

@article{micheals_new_1999,
	title = {A new closed-form approach to absolute orientation},
	url = {http://preserve.lehigh.edu/cgi/viewcontent.cgi?article=1623&context=etd},
	author = {Micheals, Ross J.},
	urldate = {2015-09-01},
	date = {1999},
	file = {A new closed-form approach to absolute orientation.pdf:C\:\\Users\\212416541\\Documents\\biblio 09-06-2016\\files\\storage\\8VNBFSUD\\A new closed-form approach to absolute orientation.pdf:application/pdf}
}

@article{horn_closed_1988,
	title = {Closed form solutions of absolute orientation using orthonormal matrices},
	volume = {5},
	pages = {1127--1135},
	number = {7},
	journaltitle = {Journal of the Optical Society A},
	author = {Horn, Berthold {KP} and Hilden, Hugh M. and Negahdaripour, Shahrlar},
	date = {1988},
	file = {closed form solution of absolute orientation using orthonormal matrices.pdf:C\:\\Users\\212416541\\Documents\\biblio 09-06-2016\\files\\storage\\RCMMV4MZ\\closed form solution of absolute orientation using orthonormal matrices.pdf:application/pdf}
}

@article{goryn_estimation_1995,
	title = {On the estimation of rigid body rotation from noisy data},
	volume = {17},
	url = {http://ieeexplore.ieee.org/xpls/abs_all.jsp?arnumber=476514},
	pages = {1219--1220},
	number = {12},
	journaltitle = {Pattern Analysis and Machine Intelligence, {IEEE} Transactions on},
	author = {Goryn, Daniel and Hein, Soren},
	urldate = {2015-09-01},
	date = {1995},
	file = {on the estimation of rigid body rotation from noisy data.pdf:C\:\\Users\\212416541\\Documents\\biblio 09-06-2016\\files\\storage\\8FYX24DB\\on the estimation of rigid body rotation from noisy data.pdf:application/pdf}
}

@article{horn_closed-form_1987,
	title = {Closed-form solution of absolute orientation using unit quaternions},
	volume = {4},
	url = {http://www.osapublishing.org/josaa/fulltext.cfm?uri=josaa-4-4-629&id=2711},
	pages = {629--642},
	number = {4},
	journaltitle = {{JOSA} A},
	author = {Horn, Berthold {KP}},
	urldate = {2015-09-01},
	date = {1987},
	file = {closed form solution of absolute orientation using unit quaternions.pdf:C\:\\Users\\212416541\\Documents\\biblio 09-06-2016\\files\\storage\\H6375ENH\\closed form solution of absolute orientation using unit quaternions.pdf:application/pdf}
}

@incollection{frangi_multiscale_1998,
	title = {Multiscale vessel enhancement filtering},
	url = {http://link.springer.com/chapter/10.1007/BFb0056195},
	pages = {130--137},
	booktitle = {Medical Image Computing and Computer-Assisted Interventation—{MICCAI}’98},
	publisher = {Springer},
	author = {Frangi, Alejandro F. and Niessen, Wiro J. and Vincken, Koen L. and Viergever, Max A.},
	urldate = {2015-09-01},
	date = {1998},
	file = {multiscale vessel enhancement filtering.pdf:C\:\\Users\\212416541\\Documents\\biblio 09-06-2016\\files\\storage\\BKFZB7CH\\multiscale vessel enhancement filtering.pdf:application/pdf}
}

@inproceedings{wink_minimum_2000,
	title = {Minimum cost path determination using a simple heuristic function},
	volume = {3},
	url = {http://ieeexplore.ieee.org/xpls/abs_all.jsp?arnumber=903713},
	pages = {998--1001},
	booktitle = {Pattern Recognition, 2000. Proceedings. 15th International Conference on},
	publisher = {{IEEE}},
	author = {Wink, Onno and Niessen, Wiro J. and Viergever, Max and {others}},
	urldate = {2015-09-01},
	date = {2000},
	file = {Minimum cost path determination using a simple heuristic function.pdf:C\:\\Users\\212416541\\Documents\\biblio 09-06-2016\\files\\storage\\SP9G6CMJ\\Minimum cost path determination using a simple heuristic function.pdf:application/pdf}
}

@article{meijering_design_2004,
	title = {Design and validation of a tool for neurite tracing and analysis in fluorescence microscopy images},
	volume = {58A},
	issn = {0196-4763, 1097-0320},
	url = {http://doi.wiley.com/10.1002/cyto.a.20022},
	doi = {10.1002/cyto.a.20022},
	pages = {167--176},
	number = {2},
	journaltitle = {Cytometry},
	author = {Meijering, E. and Jacob, M. and Sarria, J.-C.F. and Steiner, P. and Hirling, H. and Unser, M.},
	urldate = {2015-09-01},
	date = {2004-04},
	langid = {english},
	file = {Design and Validation of a Tool for Neurite Tracing.pdf:C\:\\Users\\212416541\\Documents\\biblio 09-06-2016\\files\\storage\\XGD3ZNTL\\Design and Validation of a Tool for Neurite Tracing.pdf:application/pdf}
}

@article{longair_simple_2011,
	title = {Simple Neurite Tracer: open source software for reconstruction, visualization and analysis of neuronal processes},
	volume = {27},
	issn = {1367-4803, 1460-2059},
	url = {http://bioinformatics.oxfordjournals.org/cgi/doi/10.1093/bioinformatics/btr390},
	doi = {10.1093/bioinformatics/btr390},
	shorttitle = {Simple Neurite Tracer},
	pages = {2453--2454},
	number = {17},
	journaltitle = {Bioinformatics},
	author = {Longair, M. H. and Baker, D. A. and Armstrong, J. D.},
	urldate = {2015-09-01},
	date = {2011-09-01},
	langid = {english},
	file = {Bioinformatics-2011-Longair-2453-4.pdf:C\:\\Users\\212416541\\Documents\\biblio 09-06-2016\\files\\storage\\7YCWQT39\\Bioinformatics-2011-Longair-2453-4.pdf:application/pdf}
}

@article{hart_formal_1968,
	title = {A formal basis for the heuristic determination of minimum cost paths},
	volume = {4},
	url = {http://ieeexplore.ieee.org/xpls/abs_all.jsp?arnumber=4082128},
	pages = {100--107},
	number = {2},
	journaltitle = {Systems Science and Cybernetics, {IEEE} Transactions on},
	author = {Hart, Peter E. and Nilsson, Nils J. and Raphael, Bertram},
	urldate = {2015-09-01},
	date = {1968},
	file = {a formal basis for heuristic determination of minimum cost path.pdf:C\:\\Users\\212416541\\Documents\\biblio 09-06-2016\\files\\storage\\SS7MMNBX\\a formal basis for heuristic determination of minimum cost path.pdf:application/pdf}
}

@article{royer_elasticity_2011,
	title = {On the elasticity of transverse isotropic soft tissues (L)},
	volume = {129},
	issn = {00014966},
	url = {http://scitation.aip.org/content/asa/journal/jasa/129/5/10.1121/1.3559681},
	doi = {10.1121/1.3559681},
	pages = {2757},
	number = {5},
	journaltitle = {The Journal of the Acoustical Society of America},
	author = {Royer, Daniel and Gennisson, Jean-Luc and Deffieux, Thomas and Tanter, Mickaël},
	urldate = {2015-09-11},
	date = {2011},
	langid = {english},
	file = {2011_on_the_elasticity_of_transverse_isotropic_soft_tissues_(l).pdf:C\:\\Users\\212416541\\Documents\\biblio 09-06-2016\\files\\storage\\2C4WZ4ZF\\2011_on_the_elasticity_of_transverse_isotropic_soft_tissues_(l).pdf:}
}

@inproceedings{picinbono_nonlinear_2001,
	title = {Nonlinear and anisotropic elastic soft tissue models for medical simulation},
	volume = {2},
	url = {http://ieeexplore.ieee.org/xpls/abs_all.jsp?arnumber=932801},
	pages = {1370--1375},
	booktitle = {Robotics and Automation, 2001. Proceedings 2001 {ICRA}. {IEEE} International Conference on},
	publisher = {{IEEE}},
	author = {Picinbono, Guillaume and Delingette, Herve and Ayache, Nicholas},
	urldate = {2015-09-11},
	date = {2001},
	file = {00932801.pdf:C\:\\Users\\212416541\\Documents\\biblio 09-06-2016\\files\\storage\\DYPXN7H6\\00932801.pdf:}
}

@article{chui_transversely_2007,
	title = {Transversely isotropic properties of porcine liver tissue: experiments and constitutive modelling},
	volume = {45},
	issn = {0140-0118, 1741-0444},
	url = {http://link.springer.com/10.1007/s11517-006-0137-y},
	doi = {10.1007/s11517-006-0137-y},
	shorttitle = {Transversely isotropic properties of porcine liver tissue},
	pages = {99--106},
	number = {1},
	journaltitle = {Medical \& Biological Engineering \& Computing},
	author = {Chui, C. and Kobayashi, E. and Chen, X. and Hisada, T. and Sakuma, I.},
	urldate = {2015-09-11},
	date = {2007-01-17},
	langid = {english}
}

@article{tawhai_ct-based_2004,
	title = {{CT}-based geometry analysis and finite element models of the human and ovine bronchial tree},
	volume = {97},
	issn = {8750-7587, 1522-1601},
	url = {http://jap.physiology.org/cgi/doi/10.1152/japplphysiol.00520.2004},
	doi = {10.1152/japplphysiol.00520.2004},
	pages = {2310--2321},
	number = {6},
	journaltitle = {Journal of Applied Physiology},
	author = {Tawhai, M. H.},
	urldate = {2015-09-11},
	date = {2004-12-01},
	langid = {english},
	file = {2310.full.pdf:C\:\\Users\\212416541\\Documents\\biblio 09-06-2016\\files\\storage\\4T6RQQ28\\2310.full.pdf:}
}

@article{peyraut_modelisation_2009,
	title = {Modélisation de tissus biologiques en hyperélasticité anisotrope – Étude théorique et approche éléments finis},
	volume = {337},
	issn = {16310721},
	url = {http://linkinghub.elsevier.com/retrieve/pii/S1631072109000291},
	doi = {10.1016/j.crme.2009.03.007},
	pages = {101--106},
	number = {2},
	journaltitle = {Comptes Rendus Mécanique},
	author = {Peyraut, François and Renaud, Christine and Labed, Nadia and Feng, Zhi-Qiang},
	urldate = {2015-09-11},
	date = {2009-02},
	langid = {french},
	file = {Modélisation de tissus biologiques en hyperélasticité anisotrope – Étude théorique et approche éléments finis - 1-s2.0-S1631072109000291-main.pdf:C\:\\Users\\212416541\\Documents\\biblio 09-06-2016\\files\\storage\\CYBJUBBE\\Modélisation de tissus biologiques en hyperélasticité anisotrope – Étude théorique et approche éléments finis - 1-s2.0-S1631072109000291-main.pdf:application/pdf}
}

@book{maurel_biomechanical_1998,
	location = {Berlin, Heidelberg},
	title = {Biomechanical Models for Soft Tissue Simulation},
	isbn = {978-3-662-03591-7 978-3-662-03589-4},
	url = {http://link.springer.com/10.1007/978-3-662-03589-4},
	publisher = {Springer Berlin Heidelberg},
	author = {Maurel, Walter and Thalmann, Daniel and Wu, Yin and Thalmann, Nadia Magnenat},
	urldate = {2015-09-11},
	date = {1998},
	langid = {english},
	file = {(Esprit Basic Research Series) Walter Maurel, Prof. Daniel Thalmann, Yin Wu, Prof. Nadia Magnenat Thalmann (auth.)-Biomechanical Models for Soft Tissue Simulation-Springer-Verlag Berlin Heidelberg (19.pdf:C\:\\Users\\212416541\\Documents\\biblio 09-06-2016\\files\\storage\\QAHS8S8W\\(Esprit Basic Research Series) Walter Maurel, Prof. Daniel Thalmann, Yin Wu, Prof. Nadia Magnenat Thalmann (auth.)-Biomechanical Models for Soft .pdf:application/pdf}
}

@online{inc_epidemiologie_2015,
	title = {Epidémiologie nationale du cancer du sein-Données essentielles},
	url = {http://lesdonnees.e-cancer.fr/les-fiches-de-synthese/1-types-cancer/9-cancer-sein/},
	titleaddon = {Institut National Du Cancer},
	author = {{INC}},
	date = {2015-03-04},
	file = {Les données - Institut National Du cancer:C\:\\Users\\212416541\\Documents\\biblio 09-06-2016\\files\\storage\\LQ6953VS\\9-cancer-sein.html:}
}

@inproceedings{shah_mesh_2002,
	title = {Mesh Discretization Error and Criteria for Accuracy of Finite Element Solutions},
	volume = {2002},
	url = {http://simplorer.com/staticassets/ANSYS/staticassets/resourcelibrary/confpaper/2002-Int-ANSYS-Conf-9.PDF},
	booktitle = {Proceedings of International {ANSYS} Conference},
	author = {Shah, Chandresh},
	urldate = {2015-09-08},
	date = {2002},
	file = {2002-Int-ANSYS-Conf-9.pdf:C\:\\Users\\212416541\\Documents\\biblio 09-06-2016\\files\\storage\\NX4QHHCU\\2002-Int-ANSYS-Conf-9.pdf:}
}

@collection{onate_textile_2005,
	location = {Dordrecht},
	title = {Textile composites and inflatable structures},
	isbn = {978-1-4020-3316-2 978-1-4020-3317-9},
	series = {Computational methods in applied sciences},
	pagetotal = {322},
	publisher = {Springer},
	editor = {Oñate, Eugenio and Kröplin, Bern},
	date = {2005},
	keywords = {Expandable space structures, Fibrous composites Mechanical properties, Lattice theory, Structural analysis (Engineering)},
	file = {bok_978-1-4020-3317-9.pdf:C\:\\Users\\212416541\\Documents\\biblio 09-06-2016\\files\\storage\\RX4989FR\\bok_978-1-4020-3317-9.pdf:application/pdf}
}

@article{magnus_dustler_breast_2012,
	title = {Breast compression in mammography: pressure distribution patterns},
	volume = {53},
	issn = {0284-1851, 1600-0455},
	url = {http://acr.sagepub.com/lookup/doi/10.1258/ar.2012.120238},
	doi = {10.1258/ar.2012.120238},
	shorttitle = {Breast compression in mammography},
	pages = {973--980},
	number = {9},
	journaltitle = {Acta Radiologica},
	author = {{Magnus Dustler} and {Ingvar Andersson} and {Håkan Brorson} and {Patrik Fröjd} and {Sören Mattsson} and {Anders Tingberg} and {Sophia Zackrisson} and {Daniel Förnvik}},
	urldate = {2015-06-16},
	date = {2012-11-01},
	langid = {english},
	file = {Dustler - Breast compression in mammography, pressure distribution patterns - Acta Radiol 2012.pdf:C\:\\Users\\212416541\\Documents\\biblio 09-06-2016\\files\\storage\\DWQSSKSR\\Dustler - Breast compression in mammography, pressure distribution patterns - Acta Radiol 2012.pdf:application/pdf}
}

@article{poulos_breast_2003,
	title = {Breast compression in mammography: how much is enough?},
	volume = {47},
	url = {http://onlinelibrary.wiley.com/doi/10.1046/j.0004-8461.2003.01139.x/full},
	shorttitle = {Breast compression in mammography},
	pages = {121--126},
	number = {2},
	journaltitle = {Australasian radiology},
	author = {Poulos, Ann and {McLean}, Donald and Rickard, Mary and Heard, Robert},
	urldate = {2015-06-17},
	date = {2003},
	file = {Poulos_et_al-2003-breast compression in mammography how much is enough.pdf:C\:\\Users\\212416541\\Documents\\biblio 09-06-2016\\files\\storage\\7PQAX933\\Poulos_et_al-2003-breast compression in mammography how much is enough.pdf:application/pdf}
}

@article{saunders_jr_can_2009,
	title = {Can Compression Be Reduced for Breast Tomosynthesis? Monte Carlo Study on Mass and Microcalcification Conspicuity in Tomosynthesis 1},
	volume = {251},
	url = {http://pubs.rsna.org/doi/abs/10.1148/radiol.2521081278},
	shorttitle = {Can Compression Be Reduced for Breast Tomosynthesis?},
	pages = {673--682},
	number = {3},
	journaltitle = {Radiology},
	author = {Saunders Jr, Robert S. and Samei, Ehsan and Lo, Joseph Y. and Baker, Jay A.},
	urldate = {2015-06-16},
	date = {2009},
	file = {saunders-can compression be reduced for breast tomosynthesis.pdf:C\:\\Users\\212416541\\Documents\\biblio 09-06-2016\\files\\storage\\MLHPDNB3\\saunders-can compression be reduced for breast tomosynthesis.pdf:application/pdf}
}

@article{helvie_breast_1994,
	title = {Breast thickness in routine mammograms: effect on image quality and radiation dose.},
	volume = {163},
	url = {http://www.ajronline.org/doi/abs/10.2214/ajr.163.6.7992731},
	shorttitle = {Breast thickness in routine mammograms},
	pages = {1371--1374},
	number = {6},
	journaltitle = {{AJR}. American journal of roentgenology},
	author = {Helvie, M. A. and Chan, {HEANG}-{PING} and Adler, D. D. and Boyd, P. G.},
	urldate = {2015-06-16},
	date = {1994},
	file = {helvie-breast thickness in routine mammograms- effect in image quality.pdf:C\:\\Users\\212416541\\Documents\\biblio 09-06-2016\\files\\storage\\4KSV9XVX\\helvie-breast thickness in routine mammograms- effect in image quality.pdf:application/pdf}
}

@article{ruiter_model-based_2006-1,
	title = {Model-based registration of X-ray mammograms and {MR} images of the female breast},
	volume = {53},
	issn = {0018-9499},
	url = {http://ieeexplore.ieee.org/lpdocs/epic03/wrapper.htm?arnumber=1610973},
	doi = {10.1109/TNS.2005.862983},
	pages = {204--211},
	number = {1},
	journaltitle = {{IEEE} Transactions on Nuclear Science},
	author = {Ruiter, Nicole V. and Stotzka, Rainer and Muller, T.-O. and Gemmeke, Hartmut and Reichenbach, Jürgen R. and Kaiser, W.A.},
	urldate = {2015-08-19},
	date = {2006-02},
	file = {01610973.pdf:C\:\\Users\\212416541\\Documents\\biblio 09-06-2016\\files\\storage\\YI2LG5JN\\01610973.pdf:}
}

@article{holzapfel_computational_2004,
	title = {Computational biomechanics of soft biological tissue},
	url = {http://onlinelibrary.wiley.com/doi/10.1002/0470091355.ecm041/full},
	journaltitle = {Encyclopedia of computational mechanics},
	author = {Holzapfel, Gerhard A.},
	urldate = {2015-05-13},
	date = {2004},
	file = {holzapfel2004-Computational biomechanics of soft biological tissue.pdf:C\:\\Users\\212416541\\Documents\\biblio 09-06-2016\\files\\storage\\CDJEX4HJ\\holzapfel2004-Computational biomechanics of soft biological tissue.pdf:application/pdf}
}

@article{drobez_approche_2013,
	title = {Une approche numérique pour la simulation d{\textbackslash}' un examen de mammographie},
	url = {http://documents.irevues.inist.fr/handle/2042/52733},
	journaltitle = {21ème Congrès Français de Mécanique, 26 au 30 août 2013, Bordeaux, France ({FR})},
	author = {{DROBEZ}, Hervé and {REYNAUD}, Hervé and {PICOT}, Laurent and {JAFFAL}, Haidar and {CORRE}, Virginie and {KLAUSZ}, Remy and {MULLER}, Serge},
	urldate = {2015-05-13},
	date = {2013},
	file = {drobez2013-Une aproche numérique pour la simulation d'un examen de mammographie.pdf:C\:\\Users\\212416541\\Documents\\biblio 09-06-2016\\files\\storage\\JNNY3T2I\\drobez2013-Une aproche numérique pour la simulation d'un examen de mammographie.pdf:application/pdf}
}

@article{holzapfel_biomechanics_2001,
	title = {Biomechanics of soft tissue},
	volume = {3},
	url = {https://dca13d00a675f255e4d75145ccca85da6f5067de.googledrive.com/host/0B3G21MbFQqR7RUxWTWs5a0JJelk/bme/6/BioMechanics/Biomechanics_of_soft_tissues.pdf},
	pages = {1049--1063},
	number = {1},
	journaltitle = {The handbook of materials behavior models},
	author = {Holzapfel, Gerhard A.},
	urldate = {2015-05-13},
	date = {2001},
	file = {holzapfel2000-Biomechanics of Soft Tissue.pdf:C\:\\Users\\212416541\\Documents\\biblio 09-06-2016\\files\\storage\\5F85T735\\holzapfel2000-Biomechanics of Soft Tissue.pdf:application/pdf}
}

@misc{picot_support_2012,
	title = {Support to the development of a painless mammograph},
	author = {Picot, Laurent and Jaffal, Haidar and Drobez, Hervé and Reynaud, Hervé},
	date = {2012-12-18},
	file = {PV-64715-LP-GE HEALTHCARE-final.pdf:C\:\\Users\\212416541\\Documents\\biblio 09-06-2016\\files\\storage\\UPRLP77N\\PV-64715-LP-GE HEALTHCARE-final.pdf:application/pdf}
}

@article{hipwell_review_2016-1,
	title = {A review of biomechanically informed breast image registration},
	volume = {61},
	issn = {0031-9155, 1361-6560},
	url = {http://stacks.iop.org/0031-9155/61/i=2/a=R1?key=crossref.4b9cee8c4793b7e163614bef20ea6617},
	doi = {10.1088/0031-9155/61/2/R1},
	pages = {R1--R31},
	number = {2},
	journaltitle = {Physics in Medicine and Biology},
	author = {Hipwell, John H and Vavourakis, Vasileios and Han, Lianghao and Mertzanidou, Thomy and Eiben, Björn and Hawkes, David J},
	urldate = {2016-01-12},
	date = {2016-01-21},
	file = {pdf.pdf:C\:\\Users\\212416541\\Documents\\biblio 09-06-2016\\files\\storage\\SWYI4VJR\\pdf.pdf:}
}

@article{j.-l._gennisson_ultrasound_2013,
	title = {Ultrasound elastography: Principles and techniques},
	volume = {94},
	issn = {22115684},
	url = {http://linkinghub.elsevier.com/retrieve/pii/S2211568413000302},
	doi = {10.1016/j.diii.2013.01.022},
	shorttitle = {Ultrasound elastography},
	pages = {487--495},
	number = {5},
	journaltitle = {Diagnostic and Interventional Imaging},
	author = {{J.-L. Gennisson} and {Thomas Deffieux} and {Mathias Fink} and {Michaël Tanter}},
	urldate = {2015-05-12},
	date = {2013-05},
	langid = {english},
	file = {gennisson2013-Ultrasound elastography Principles and techniques.pdf:C\:\\Users\\212416541\\Documents\\biblio 09-06-2016\\files\\storage\\W59VTFBV\\gennisson2013-Ultrasound elastography Principles and techniques.pdf:application/pdf}
}

@article{jorn_lorenzen_menstrual-cycle_2003,
	title = {Menstrual-cycle dependence of breast parenchyma elasticity: estimation with magnetic resonance elastography of breast tissue during the menstrual cycle},
	volume = {38},
	url = {http://journals.lww.com/investigativeradiology/Abstract/2003/04000/Menstrual_Cycle_Dependence_of_Breast_Parenchyma.8.aspx},
	shorttitle = {Menstrual-cycle dependence of breast parenchyma elasticity},
	pages = {236--240},
	number = {4},
	journaltitle = {Investigative radiology},
	author = {{Jörn Lorenzen} and {Ralph Sinkus} and {Maike Biesterfeldt} and {Gerhard Adam}},
	urldate = {2015-05-11},
	date = {2003},
	file = {Lorenzen.2003-Menstrual cycle dependence of breast parenchyma.pdf:C\:\\Users\\212416541\\Documents\\biblio 09-06-2016\\files\\storage\\ULMYGIT4\\Lorenzen.2003-Menstrual cycle dependence of breast parenchyma.pdf:application/pdf}
}

@article{elijah_e.w._van_houten_initial_2003,
	title = {Initial in vivo experience with steady-state subzone-based {MR} elastography of the human breast},
	volume = {17},
	issn = {1053-1807, 1522-2586},
	url = {http://doi.wiley.com/10.1002/jmri.10232},
	doi = {10.1002/jmri.10232},
	pages = {72--85},
	number = {1},
	journaltitle = {Journal of Magnetic Resonance Imaging},
	author = {{Elijah E.W. Van Houten} and {Marvin M. Doyley} and {Francis E. Kennedy} and {John B. Weaver} and {Keith D. Paulsen}},
	urldate = {2015-05-12},
	date = {2003-01},
	langid = {english},
	file = {Houten2003-Initial invivo experience with steady-state subzone based mr elastrography of the human breast.pdf:C\:\\Users\\212416541\\Documents\\biblio 09-06-2016\\files\\storage\\UNL8S563\\Houten2003-Initial invivo experience with steady-state subzone based mr elastrography of the human breast.pdf:application/pdf}
}

@article{parris_wellman_breast_1999,
	title = {Breast tissue stiffness in compression is correlated to histological diagnosis},
	url = {https://biorobotics.harvard.edu/pubs/1999/mechprops.pdf},
	pages = {1--15},
	journaltitle = {Harvard {BioRobotics} Laboratory Technical Report},
	author = {{Parris Wellman} and {Robert D. Howe} and {Edward Dalton} and {Kenneth A. Kern}},
	urldate = {2015-05-12},
	date = {1999},
	file = {wellman1999-Breast Tissue Stiffness in Compression.pdf:C\:\\Users\\212416541\\Documents\\biblio 09-06-2016\\files\\storage\\T9ZKL7VH\\wellman1999-Breast Tissue Stiffness in Compression.pdf:application/pdf}
}

@article{s._a._kruse_tissue_2000,
	title = {Tissue characterization using magnetic resonance elastography: preliminary results},
	volume = {45},
	url = {http://iopscience.iop.org/0031-9155/45/6/313},
	shorttitle = {Tissue characterization using magnetic resonance elastography},
	pages = {1579},
	number = {6},
	journaltitle = {Physics in medicine and biology},
	author = {{S. A. Kruse} and {J. A. Smith} and {A. J. Lawrence} and {M. A. Dresner} and {AJFG Manduca} and {J. F. Greenleaf} and {R. L. Ehman}},
	urldate = {2015-05-13},
	date = {2000},
	file = {kruse-tissue characterization using magnetic resonance elastography.pdf:C\:\\Users\\212416541\\Documents\\biblio 09-06-2016\\files\\storage\\T8F4VKXH\\kruse-tissue characterization using magnetic resonance elastography.pdf:application/pdf}
}

@thesis{rante_demarches_2015,
	title = {Démarches éducatives en pharmacie d'officine: application au cancer du sein.},
	url = {http://docnum.univ-lorraine.fr/public/BUPHA_T_2013_RANTE_AURELIEN.pdf},
	type = {phdthesis},
	author = {{RANTE}, Aurélien},
	urldate = {2015-11-27},
	date = {2015-11-27},
	file = {BUPHA_T_2015_BAUCHET_SARAH.pdf:C\:\\Users\\212416541\\Documents\\biblio 09-06-2016\\files\\storage\\7R2ZZNFF\\BUPHA_T_2015_BAUCHET_SARAH.pdf:}
}

@online{_structure_2009,
	title = {La structure du sein},
	url = {http://www.monsein.fr/Mon-sein/Anatomie/La-structure-du-sein},
	titleaddon = {mosein.fr},
	urldate = {2015-11-27},
	date = {2009},
	file = {La structure du sein - Anatomie - Mon sein - Mon Sein.fr - Monsein.fr:C\:\\Users\\212416541\\Documents\\biblio 09-06-2016\\files\\storage\\75XHP65M\\La-structure-du-sein.html:}
}

@article{nausikaa_geeraert_quantitative_2014,
	title = {Quantitative evaluation of fibroglandular tissue for estimation of tissue-differentiated absorbed energy in breast tomosynthesis.},
	url = {https://lirias.kuleuven.be/handle/123456789/472919},
	author = {{Nausikaä Geeraert}},
	urldate = {2016-02-22},
	date = {2014},
	file = {NGeeraert-These_final.pdf:C\:\\Users\\212416541\\Documents\\biblio 09-06-2016\\files\\storage\\PEKHJ8T7\\NGeeraert-These_final.pdf:application/pdf}
}

@article{d_r_dance_estimation_2014,
	title = {Estimation of mean glandular dose for contrast enhanced digital mammography: factors for use with the {UK}, European and {IAEA} breast dosimetry protocols},
	volume = {59},
	issn = {0031-9155, 1361-6560},
	url = {http://stacks.iop.org/0031-9155/59/i=9/a=2127?key=crossref.a419c719438a00168a41ff117d0015b9},
	doi = {10.1088/0031-9155/59/9/2127},
	shorttitle = {Estimation of mean glandular dose for contrast enhanced digital mammography},
	pages = {2127--2137},
	number = {9},
	journaltitle = {Physics in Medicine and Biology},
	author = {{D R Dance} and {K C Young}},
	urldate = {2016-02-26},
	date = {2014-05-07},
	file = {pdf.pdf:C\:\\Users\\212416541\\Documents\\biblio 09-06-2016\\files\\storage\\H4TLG5G4\\pdf.pdf:}
}

@article{eder_comparison_2014-1,
	title = {Comparison of Different Material Models to Simulate 3-D Breast Deformations Using Finite Element Analysis},
	volume = {42},
	issn = {0090-6964, 1573-9686},
	url = {http://link.springer.com/10.1007/s10439-013-0962-8},
	doi = {10.1007/s10439-013-0962-8},
	pages = {843--857},
	number = {4},
	journaltitle = {Annals of Biomedical Engineering},
	author = {Eder, Maximilian and Raith, Stefan and Jalali, Jalil and Volf, Alexander and Settles, Markus and Machens, Hans-Günther and Kovacs, Laszlo},
	urldate = {2016-03-10},
	date = {2014-04},
	langid = {english}
}

@article{bucki_fast_2010,
	title = {A fast and robust patient specific Finite Element mesh registration technique: Application to 60 clinical cases},
	volume = {14},
	issn = {13618415},
	url = {http://linkinghub.elsevier.com/retrieve/pii/S1361841510000186},
	doi = {10.1016/j.media.2010.02.003},
	shorttitle = {A fast and robust patient specific Finite Element mesh registration technique},
	pages = {303--317},
	number = {3},
	journaltitle = {Medical Image Analysis},
	author = {Bucki, Marek and Lobos, Claudio and Payan, Yohan},
	urldate = {2016-04-14},
	date = {2010-06},
	langid = {english},
	file = {MeshMatch_Media_Bucki_2010.pdf:C\:\\Users\\212416541\\Documents\\biblio 09-06-2016\\files\\storage\\7EH59C2B\\MeshMatch_Media_Bucki_2010.pdf:application/pdf}
}

@article{brnic_breast_2001,
	title = {Breast compression and radiation dose in two different mammographic oblique projections: 45 and 60°},
	volume = {40},
	url = {http://www.sciencedirect.com/science/article/pii/S0720048X01003175},
	shorttitle = {Breast compression and radiation dose in two different mammographic oblique projections},
	pages = {10--15},
	number = {1},
	journaltitle = {European journal of radiology},
	author = {Brnić, Zoran and Hebrang, Andrija},
	urldate = {2016-06-06},
	date = {2001},
	file = {1-s2.0-S0720048X01003175-main.pdf:C\:\\Users\\212416541\\Documents\\biblio 09-06-2016\\files\\storage\\7MWCCWGS\\1-s2.0-S0720048X01003175-main.pdf:application/pdf}
}

@article{oliveira_average_2007,
	title = {Average glandular dose and phantom image quality in mammography},
	volume = {580},
	issn = {01689002},
	url = {http://linkinghub.elsevier.com/retrieve/pii/S0168900207011266},
	doi = {10.1016/j.nima.2007.05.228},
	pages = {574--577},
	number = {1},
	journaltitle = {Nuclear Instruments and Methods in Physics Research Section A: Accelerators, Spectrometers, Detectors and Associated Equipment},
	author = {Oliveira, M. and Nogueira, M.S. and Guedes, E. and Andrade, M.C. and Peixoto, J.E. and Joana, G.S. and Castro, J.G.},
	urldate = {2016-06-06},
	date = {2007-09},
	langid = {english},
	file = {1-s2.0-S0168900207011266-main.pdf:C\:\\Users\\212416541\\Documents\\biblio 09-06-2016\\files\\storage\\7J3GLZ9G\\1-s2.0-S0168900207011266-main.pdf:application/pdf}
}

@article{mercer_practitioner_2013,
	title = {Practitioner compression force variation in mammography: A 6-year study},
	volume = {19},
	issn = {10788174},
	url = {http://linkinghub.elsevier.com/retrieve/pii/S1078817413000503},
	doi = {10.1016/j.radi.2013.06.001},
	shorttitle = {Practitioner compression force variation in mammography},
	pages = {200--206},
	number = {3},
	journaltitle = {Radiography},
	author = {Mercer, Claire E. and Hogg, Peter and Szczepura, Katy and Denton, Erika R.E.},
	urldate = {2016-06-06},
	date = {2013-08},
	langid = {english},
	file = {1-s2.0-S1078817413000503-main.pdf:C\:\\Users\\212416541\\Documents\\biblio 09-06-2016\\files\\storage\\BGM6SYLI\\1-s2.0-S1078817413000503-main.pdf:application/pdf}
}

@article{andrews_pain_2001,
	title = {Pain during mammography: implications for breast screening programmes},
	volume = {45},
	url = {http://onlinelibrary.wiley.com/doi/10.1046/j.1440-1673.2001.00889.x/full},
	shorttitle = {Pain during mammography},
	pages = {113--117},
	number = {2},
	journaltitle = {Australasian radiology},
	author = {Andrews, Fiona J.},
	urldate = {2016-06-06},
	date = {2001},
	file = {Andrews-2001-Australasian_Radiology.pdf:C\:\\Users\\212416541\\Documents\\biblio 09-06-2016\\files\\storage\\8ZHKH3LR\\Andrews-2001-Australasian_Radiology.pdf:application/pdf}
}

@article{sturgeon_finite-element_2016,
	title = {Finite-element modeling of compression and gravity on a population of breast phantoms for multimodality imaging simulation},
	volume = {43},
	issn = {0094-2405},
	url = {http://scitation.aip.org/content/aapm/journal/medphys/43/5/10.1118/1.4945275},
	doi = {10.1118/1.4945275},
	pages = {2207--2217},
	number = {5},
	journaltitle = {Medical Physics},
	author = {Sturgeon, Gregory M. and Kiarashi, Nooshin and Lo, Joseph Y. and Samei, E. and Segars, W. P.},
	urldate = {2016-04-15},
	date = {2016-05},
	langid = {english},
	file = {2016 Finite-element modeling of compression and gravity on a population of breast phantoms for multimodality imaging simulation.pdf:C\:\\Users\\212416541\\Documents\\biblio 09-06-2016\\files\\storage\\VCALNEYM\\2016 Finite-element modeling of compression and gravity on a population of breast phantoms for multimodality imaging simulation.pdf:application/pdf}
}

@misc{_griesenauer.pdf_????,
	title = {Griesenauer.pdf},
	file = {Griesenauer.pdf:C\:\\Users\\212416541\\Documents\\biblio 09-06-2016\\files\\storage\\6YBSSJQ3\\Griesenauer.pdf:application/pdf}
}

@misc{de_groot_pressure_2015,
	title = {Pressure ‐standardized	 breast compression in mammography},
	author = {de Groot, Jerry E.},
	date = {2015},
	file = {Dissertation Jerry - Complete.pdf:C\:\\Users\\212416541\\Documents\\biblio 09-06-2016\\files\\storage\\U5VVBZS5\\Dissertation Jerry - Complete.pdf:application/pdf}
}