@incollection{mira_breast_2016,
  title={Breast Biomechanical Modeling for Compression Optimization in Digital Breast Tomosynthesis},
  author={M{\^\i}ra, Anna and Carton, Ann-Katherine and Muller, Serge and Payan, Yohan},
  booktitle={Computer Methods in Biomechanics and Biomedical Engineering},
  pages={29--35},
  year={2016},
  publisher={Springer}
}

@inproceedings{mira_simulation_2018,
  title={Simulation of breast compression using a new biomechanical model},
  author={M{\^\i}ra, Anna and Payan, Yohan and Carton, Ann-Katherine and de Carvalho, Pablo Milioni and Li, Zhijin and Devauges, Viviane and Muller, Serge},
  booktitle={Medical Imaging 2018: Physics of Medical Imaging},
  volume={10573},
  pages={105735A},
  year={2018},
  organization={International Society for Optics and Photonics}
}

@unpublished{mira_ESB_2016,
title= {Breast biomechanical modeling for compression optimization in digital breast tomosynthesis},
author = {M{\^\i}ra, Anna and Carton, Ann-Katherine and Muller, Serge and Payan, Yohan},
year = {2016},
note= {Proceedings of the 22nd Congress of the European Society of Biomechanics (ESB2016)},
}