@article{aro_pain_1996,
  title={Pain and discomfort during mammography},
  author={Aro, Arja R and Absetz-Yl{\"o}stalo, P and Eerola, T and Pamilo, Martti and L{\"o}nnqvist, Jouko},
  journal={European Journal of Cancer},
  volume={32},
  number={10},
  pages={1674--1679},
  year={1996},
  publisher={Elsevier}
}

@article{poulos_breast_2003,
  title={Breast compression in mammography: how much is enough?},
  author={Poulos, Ann and McLean, Donald and Rickard, Mary and Heard, Robert},
  journal={Journal of Medical Imaging and Radiation Oncology},
  volume={47},
  number={2},
  pages={121--126},
  year={2003},
  publisher={Wiley Online Library}
}


@article{de_pain_2015,
  title={Pain-preventing strategies in mammography: an observational study of simultaneously recorded pain and breast mechanics throughout the entire breast compression cycle},
  author={de Groot, Jerry E and Broeders, Mireille JM and Grimbergen, Cornelis A and den Heeten, Gerard J},
  journal={BMC women's health},
  volume={15},
  number={1},
  pages={26},
  year={2015},
  publisher={BioMed Central}
}


@article{bruyninckx_risk_1999,
  title={Risk factors of pain in mammographic screening},
  author={Bruyninckx, Eva and Mortelmans, Dimitri and Van Goethem, M and Van Hove, E},
  journal={Social science \& medicine},
  volume={49},
  number={7},
  pages={933--941},
  year={1999},
  publisher={Elsevier}
}

@article{dance_additional_2000,
  title={Additional factors for the estimation of mean glandular breast dose using the UK mammography dosimetry protocol},
  author={Dance, DR and Skinner, CL and Young, KC and Beckett, JR and Kotre, CJ},
  journal={Physics in medicine \& biology},
  volume={45},
  number={11},
  pages={3225},
  year={2000},
  publisher={IOP Publishing}
}

@article{boone_glandular_1999,
  title={Glandular breast dose for monoenergetic and high-energy x-ray beams: Monte Carlo assessment},
  author={Boone, John M},
  journal={Radiology},
  volume={213},
  number={1},
  pages={23--37},
  year={1999},
  publisher={Radiological Society of North America}
}



@inproceedings{geeraert_breast_2012,
  title={Breast characteristics and dosimetric data in X-ray mammography A large sample worldwide survey},
  author={Geeraert, Nausika{\"a} and Klausza, R and Mullera, S and others},
  booktitle={Bonn: IAEA conference},
  year={2012},
  organization={Citeseer}
}

@article{dustler_breast_2012,
  title={Breast compression in mammography: pressure distribution patterns},
  author={Dustler, Magnus and Andersson, Ingvar and Brorson, H{\aa}kan and Fr{\"o}jd, Patrik and Mattsson, S{\"o}ren and Tingberg, Anders and Zackrisson, Sophia and F{\"o}rnvik, Daniel},
  journal={Acta Radiologica},
  volume={53},
  number={9},
  pages={973--980},
  year={2012},
  publisher={SAGE Publications Sage UK: London, England}
}

@article{ikeda_second_1988,
  title={Second-screening mammography: one versus two views per breast.},
  author={Ikeda, Debra M and Sickles, Edward A},
  journal={Radiology},
  volume={168},
  number={3},
  pages={651--656},
  year={1988}
}

@article{kim_computer_2006,
  title={Computer-aided detection in digital mammography: comparison of craniocaudal, mediolateral oblique, and mediolateral views},
  author={Kim, Seung Ja and Moon, Woo Kyung and Cho, Nariya and Cha, Joo Hee and Kim, Sun Mi and Im, Jung-Gi},
  journal={Radiology},
  volume={241},
  number={3},
  pages={695--701},
  year={2006},
  publisher={Radiological Society of North America}
}

@article{perry_european_2008,
  title={European guidelines for quality assurance in breast cancer screening and diagnosis. —summary document},
  author={Perry, Nicholas and Broeders, Mireille and de Wolf, Chris and T{\"o}rnberg, Sven and Holland, Roland and von Karsa, Lawrence},
  journal={Annals of Oncology},
  volume={19},
  number={4},
  pages={614--622},
  year={2008},
  publisher={Oxford University Press}
}

@article{mercer_practitioner_2013,
  title={Practitioner compression force variability in mammography: a preliminary study},
  author={Mercer, CE and Hogg, P and Lawson, R and Diffey, J and Denton, ERE},
  journal={The British journal of radiology},
  volume={86},
  number={1022},
  pages={20110596},
  year={2013},
  publisher={The British Institute of Radiology. 48--50 St John Street, London EC1M 4DG, UK}
}

@inproceedings{oleary_compression_2011,
  title={Compression force recommendations in mammography must be linked to image quality},
  author={O’Leary, D and Teape, A and Hammond, J and Rainford, L and Grant, T},
  booktitle={Proceedings of the European Congress of Radiology},
  pages={1--19},
  year={2011}
}

@article{helvie_breast_1994,
  title={Breast thickness in routine mammograms: effect on image quality and radiation dose.},
  author={Helvie, MA and Chan, HEANG-PING and Adler, DD and Boyd, PG},
  journal={AJR. American journal of roentgenology},
  volume={163},
  number={6},
  pages={1371--1374},
  year={1994},
  publisher={Am Roentgen Ray Soc}
}

@article{saunders_effect_2008,
  title={The effect of breast compression on mass conspicuity in digital mammography},
  author={Saunders, Robert S and Samei, Ehsan},
  journal={Medical physics},
  volume={35},
  number={10},
  pages={4464--4473},
  year={2008},
  publisher={Wiley Online Library}
}

@article{chen_analysis_2012,
  title={Analysis of patient dose in full field digital mammography},
  author={Chen, Baoying and Wang, Yingmei and Sun, Xin and Guo, Wei and Zhao, Ming and Cui, Guangbin and Hu, Lina and Li, Pei and Ren, Yan and Feng, Jun and others},
  journal={European journal of radiology},
  volume={81},
  number={5},
  pages={868--872},
  year={2012},
  publisher={Elsevier}
}

@article{obenauer_screen_2002,
  title={Screen film vs full-field digital mammography: image quality, detectability and characterization of lesions},
  author={Obenauer, S and Luftner-Nagel, S and Von Heyden, D and Munzel, U and Baum, F and Grabbe, E},
  journal={European radiology},
  volume={12},
  number={7},
  pages={1697--1702},
  year={2002},
  publisher={Springer}
}

@article{williams_optimization_2008,
  title={Optimization of exposure parameters in full field digital mammography},
  author={Williams, Mark B and Raghunathan, Priya and More, Mitali J and Seibert, J Anthony and Kwan, Alexander and Lo, Joseph Y and Samei, Ehsan and Ranger, Nicole T and Fajardo, Laurie L and McGruder, Allen and others},
  journal={Medical physics},
  volume={35},
  number={6Part1},
  pages={2414--2423},
  year={2008},
  publisher={Wiley Online Library}
}

@article{richard_absorbed_1979,
  title={Absorbed radiation dose in mammography},
  author={Hammerstein,Richard G and Miller, Daniel W and White, David R and Ellen Masterson, Mary and Woodard, Helen Q and Laughlin, John S},
  journal={radiology},
  volume={130},
  number={2},
  pages={485--491},
  year={1979},
  publisher={The Radiological Society of North America}
}


@article{broeders_comparison_2015,
  title={Comparison of a flexible versus a rigid breast compression paddle: pain experience, projected breast area, radiation dose and technical image quality},
  author={Broeders, Mireille JM and ten Voorde, Marloes and Veldkamp, Wouter JH and van Engen, Ruben E and van Landsveld--Verhoeven, Cary and NL’t Jong--Gunneman, Machteld and de Win, Jos and Droogh-de Greve, Kitty and Paap, Ellen and den Heeten, Gerard J},
  journal={European radiology},
  volume={25},
  number={3},
  pages={821--829},
  year={2015},
  publisher={Springer}
}

@article{ko_dose_2013,
  title={Dose reduction in automatic optimization parameter of full field digital mammography: Breast phantom study},
  author={Ko, Myung-Su and Kim, Hak Hee and Cha, Joo Hee and Shin, Hee Jung and Kim, Jeoung Hyun and Kim, Min Jeong},
  journal={Journal of breast cancer},
  volume={16},
  number={1},
  pages={90--96},
  year={2013}
}

@article{osteraas_average_2018,
  title={Average glandular dose in paired digital mammography and digital breast tomosynthesis acquisitions in a population based screening program: effects of measuring breast density, air kerma and beam quality},
  author={{\O}ster{\aa}s, Bj{\o}rn Helge and Skaane, Per and Gullien, Randi and Martinsen, Anne Catrine Tregde},
  journal={Physics in medicine and biology},
  year={2018},
  publisher={IOP Publishing}
}

@article{cavagnetto_vivo_2013,
  title={‘In vivo’average glandular dose evaluation: one-to-one comparison between digital breast tomosynthesis and full-field digital mammography},
  author={Cavagnetto, Francesca and Taccini, Gianni and Rosasco, Raffaella and Bampi, Rossana and Calabrese, Massimo and Tagliafico, Alberto},
  journal={Radiation protection dosimetry},
  volume={157},
  number={1},
  pages={53--61},
  year={2013},
  publisher={Oxford University Press}
}

@inproceedings{dustler_effect_2012,
  title={The effect of breast positioning on breast compression in mammography: a pressure distribution perspective},
  author={Dustler, Magnus and Andersson, Ingvar and F{\"o}rnvik, Daniel and Tingberg, Anders},
  booktitle={Medical Imaging 2012: Physics of Medical Imaging},
  volume={8313},
  pages={83134M},
  year={2012},
  organization={International Society for Optics and Photonics}
}


@article{keemers_pain_2000,
  title={Pain experienced by women attending breast cancer screening},
  author={Keemers-Gels, ME and Groenendijk, RPR and Van Den Heuvel, JHM and Boetes, C and Peer, PGM and Wobbes, TH},
  journal={Breast cancer research and treatment},
  volume={60},
  number={3},
  pages={235--240},
  year={2000},
  publisher={Springer}
}

@article{peipins_impact_2006,
  title={Impact of women’s experiences during mammography on adherence to rescreening (United States)},
  author={Peipins, Lucy A and Shapiro, Jean A and Bobo, Janet Kay and Berkowitz, Zahava},
  journal={Cancer causes \& control},
  volume={17},
  number={4},
  pages={439--447},
  year={2006},
  publisher={Springer}
}

@article{williamson_pain_2005,
  title={Pain: a review of three commonly used pain rating scales},
  author={Williamson, Amelia and Hoggart, Barbara},
  journal={Journal of clinical nursing},
  volume={14},
  number={7},
  pages={798--804},
  year={2005},
  publisher={Wiley Online Library}
}
@article{hafslund_mammography_2000,
  title={Mammography and the experience of pain and anxiety},
  author={Hafslund, Bjorg},
  journal={Radiography},
  volume={6},
  number={4},
  pages={269--272},
  year={2000},
  publisher={Elsevier}
}

@article{askhar_female_2017,
  title={Female patients’ perception of pain caused by mammography in the Western Region of Saudi Arabia},
  author={Askhar, Laila K and Zaki, Yasmeen H},
  journal={Saudi medical journal},
  volume={38},
  number={7},
  pages={768},
  year={2017},
  publisher={Saudi Medical Journal}
}