@article{aro_pain_1996,
  title={Pain and discomfort during mammography},
  author={Aro, Arja R and Absetz-Yl{\"o}stalo, P and Eerola, T and Pamilo, Martti and L{\"o}nnqvist, Jouko},
  journal={European Journal of Cancer},
  volume={32},
  number={10},
  pages={1674--1679},
  year={1996},
  publisher={Elsevier}
}

@article{poulos_breast_2003,
  title={Breast compression in mammography: how much is enough?},
  author={Poulos, Ann and McLean, Donald and Rickard, Mary and Heard, Robert},
  journal={Journal of Medical Imaging and Radiation Oncology},
  volume={47},
  number={2},
  pages={121--126},
  year={2003},
  publisher={Wiley Online Library}
}